1727 2712
688 69 893 108 CASINA
1417 69 1449 105 I.
1467 67 1482 104 i

119 192 194 228 ego
213 179 290 216 huc
311 179 419 228 quod
440 177 532 216 ueni
551 177 592 216 in
614 178 751 217 urbem
773 177 804 216 si
825 177 1096 227 impetrauero,

96 269 100 272 -
119 257 280 282 uxorem
300 250 343 281 ut
363 243 477 281 istam
499 245 642 281 ducam
663 256 782 293 quam
803 250 845 280 tu
865 242 1031 292 deperis,

120 309 264 347 bellam
285 315 323 347 et
344 310 528 347 tenellam
551 308 748 355 Casinam,
771 321 1003 346 conseruam
1026 315 1145 354 tuam,
1470 323 1512 344 20

120 374 282 423 quando
301 387 375 423 ego
395 387 482 412 eam
504 387 660 412 mecum
680 387 744 411 rus
765 387 925 412 uxorem
945 373 1158 419 abduxero,

38 451 102 475 110
120 437 196 476 ruri
216 438 416 477 incubabo
437 451 562 488 usque
582 438 622 476 in
641 439 885 488 praefectura
904 451 1002 476 mea.

120 504 197 542 CH.
230 511 300 542 tun
320 503 427 542 illam
448 505 601 542 ducas?
630 504 760 542 hercle
782 516 845 541 me
866 502 1081 553 suspendio

118 581 238 618 quam
262 571 304 607 tu
325 569 409 608 eius
429 568 559 620 potior
578 567 648 607 fias
668 565 804 606 satiust
825 575 1034 607 mortuom.

119 634 193 673 OL.
226 648 314 673 mea
334 635 516 685 praedast
536 634 624 672 illa:
654 632 767 683 proin
787 640 829 671 tu
850 640 888 671 te
909 633 947 671 in
968 634 1153 683 laqueum
1175 633 1326 672 induas.
1469 645 1508 677 25

121 698 199 738 CH.
230 713 277 738 ex
297 699 510 738 sterculino
531 700 692 746 ecfosse‚
716 700 783 736 tua
803 697 915 737 illaec
944 698 1090 748 praeda
1111 698 1188 736 sit?

37 772 98 808 115
121 764 195 802 OL.
226 763 326 802 scies
346 764 423 803 hoc
443 764 496 802 ita
511 777 607 803 esse.
667 763 746 803 CH.
777 776 851 801 uae
872 762 966 801 tibi!
1024 764 1098 802 OL.
1131 771 1228 812 quot
1248 770 1286 801 te
1307 762 1446 810 modis,

119 828 151 865 si
172 828 275 874 uiuo,
299 828 458 867 habebo
478 827 518 866 in
539 827 685 878 nuptiis
706 827 891 866 miserum
913 826 1010 865 meis
1028 830 1034 865 1

120 894 196 932 CH.
229 892 326 942 quid
346 900 387 931 tu
409 892 505 930 mihi
526 892 673 931 facies?
730 893 803 932 OL.
837 905 962 942 egone
984 891 1080 942 quid
1102 891 1242 930 faciam
1263 892 1364 931 tibi?

119 957 288 1008 primum
309 957 487 996 omnium
508 957 601 996 huic
621 957 770 996 lucebis
792 971 920 996 nouae
941 965 1088 1007 nuptae
1109 959 1234 995 facem
1249 971 1259 1005 ;
1467 971 1510 1002 30

119 1023 275 1073 postilla
295 1031 337 1061 ut
357 1036 512 1073 semper
532 1022 720 1073 inprobus
741 1022 931 1073 nihilique
951 1022 1014 1070 sis,

36 1105 101 1130 120
119 1088 251 1138 postid
271 1090 448 1127 locorum
469 1090 630 1139 quando
650 1090 701 1127 ad
722 1088 854 1126 uillam
875 1088 1040 1135 ueneris,

118 1153 275 1192 dabitur
294 1153 366 1192 tibi
385 1155 577 1204 amphora
597 1167 675 1192 una
696 1161 733 1192 et
754 1167 833 1192 una
853 1153 1003 1200 semita,

116 1219 202 1256 fons
220 1232 335 1267 unus,
354 1232 478 1257 unum
498 1220 670 1257 ahenum
691 1227 729 1257 et
750 1226 841 1257 octo
862 1218 991 1257 dolia:

117 1297 218 1333 quae
239 1283 313 1322 nisi
334 1291 446 1323 erunt
467 1297 622 1334 semper
641 1285 768 1334 plena,
792 1297 865 1334 ego
886 1283 923 1322 te
944 1284 1119 1333 implebo
1140 1283 1278 1335 flagris.
1468 1298 1509 1332 35

119 1347 172 1386 ita
192 1356 229 1386 te
250 1350 475 1399 aggerunda
495 1362 658 1387 curuom
678 1361 782 1398 aqua
801 1348 941 1387 faciam
962 1349 1086 1400 probe

38 1425 99 1461 125
121 1421 162 1450 ut
183 1413 378 1463 postilena
397 1413 521 1464 possit
542 1428 588 1452 ex
609 1421 646 1452 te
667 1413 759 1452 fieri.

119 1486 209 1527 post
228 1487 360 1517 autem
380 1478 457 1517 ruri
477 1478 552 1516 nisi
572 1486 612 1516 tu
632 1479 816 1517 aceruom
837 1478 964 1518 ederis

116 1551 184 1582 aut
204 1543 316 1594 quasi
336 1543 550 1582 lumbricus
571 1551 722 1590 terram,
746 1545 855 1594 quod
876 1552 913 1582 te
934 1545 1109 1594 postules

116 1616 271 1658 gustare
291 1608 516 1659 quicquam,
539 1621 757 1658 numquam
779 1609 921 1659 edepol
942 1608 1131 1647 ieiunium
1466 1619 1511 1653 40

118 1673 331 1712 ieiunumst
351 1687 476 1724 aeque
495 1682 615 1723 atque
635 1687 709 1723 ego
729 1681 767 1712 te
787 1674 864 1712 ruri
888 1674 1066 1713 reddibo.

36 1749 101 1785 130
119 1738 260 1788 postid,
284 1752 406 1789 quom
426 1740 550 1777 lassus
571 1738 687 1776 fueris
708 1746 746 1776 et
766 1738 980 1787 famelicus,

118 1811 238 1842 noctu
259 1811 302 1842 ut
321 1803 518 1854 condigne
538 1811 577 1842 te
597 1803 718 1842 cubes
739 1803 947 1842 curabitur.

118 1869 196 1907 CH.
227 1869 324 1919 quid
344 1869 492 1908 facies?
548 1869 623 1908 OL.
655 1870 892 1908 concludere
913 1869 952 1908 in
976 1870 1164 1908 fenstram
1187 1870 1359 1918 firmiter,

117 1934 224 1973 unde
244 1935 461 1973 auscultare
481 1933 607 1984 possis
628 1934 750 1983 quom
771 1947 844 1984 ego
865 1934 971 1972 illam
991 1937 1171 1974 ausculer
1188 1950 1194 1973 :
1467 1949 1507 1980 45

165 2041 227 2071 106
249 2039 292 2080 si]
323 2039 385 2070 nisi
410 2039 443 2070 P
578 2049 634 2078 107
660 2040 765 2070 istant
792 2039 864 2078 (-nc
896 2039 941 2073 Β)
968 2039 1000 2069 Ρ
1143 2051 1205 2079 109
1229 2051 1291 2079 ego
1316 2051 1380 2071 om.
1412 2040 1445 2070 A

122 2092 186 2116 110
200 2083 289 2114 riure
305 2083 338 2113 Ρ
354 2095 395 2122 gv.
417 2084 451 2121 3⁸,
548 2093 559 2113 1
570 2093 581 2112 1
592 2094 603 2112 1
625 2088 659 2113 tu
673 2082 706 2112 P
795 2093 806 2112 1
818 2094 854 2113 12
879 2084 960 2114 satis
978 2090 1031 2115 est
1042 2084 1074 2114 Α
1203 2094 1261 2122 114
1280 2084 1338 2124 sit]
1352 2090 1404 2114 est
1418 2083 1451 2114 P

119 2126 198 2168 (pro
216 2127 278 2157 erit
288 2127 316 2166 3)
409 2136 468 2165 115
494 2136 556 2157 uae
575 2127 633 2157 tibi
654 2126 846 2167 Olympioni
859 2128 1029 2158 continuat
1043 2127 1076 2156 A
1172 2138 1233 2166 119
1257 2127 1451 2166 nihilqueP

117 2169 177 2209 sis]
191 2170 260 2201 eris
269 2169 335 2200 Leo
426 2180 487 2200 120
511 2170 656 2200 locarum
671 2171 704 2200 A
775 2170 865 2201 illam
878 2171 910 2201 P
999 2173 1060 2201 126
1083 2181 1240 2201 aceruom
1253 2170 1443 2210 quadrisyll.

116 2217 298 2253 suspectum
364 2214 445 2252 sort.
465 2214 530 2244 nisi
548 2212 622 2255 (si)
697 2214 855 2245 acerbum
873 2213 1034 2256 (eruom)
1051 2215 1185 2254 Seyffert
1282 2224 1342 2253 129
1367 2215 1447 2244 ieiu-

117 2257 208 2286 nium
226 2262 278 2288 est
294 2256 345 2287 P:
362 2256 578 2287 inunumstA
596 2259 668 2294 (pro
685 2256 875 2296 iaiunumst,
888 2259 1188 2298 antiquasormffl)
1282 2267 1340 2295 132
1363 2268 1445 2298 non-

116 2299 256 2330 cludere
273 2299 306 2330 A
356 2299 503 2331 fenestra
514 2300 547 2330 A
563 2311 569 2330 :
595 2300 779 2332 fenestram
797 2302 831 2332 P
920 2312 979 2341 133
1002 2302 1137 2333 osculer
1149 2301 1188 2340 Ρ,
1201 2302 1445 2339 usitatasmma

160 2369 280 2391 ΡιΑντ.
301 2369 311 2389 1
1337 2374 1378 2402 16
