1727 2712
627 106 985 145 MENAECHMI
1396 108 1474 145 III.
1493 106 1525 144 ii

141 215 267 254 leuior
286 229 404 266 quam
426 217 570 267 pluma,
594 229 778 266 pessume
798 223 837 254 et
857 215 1123 266 nequissume,

142 280 331 330 flagitium
352 281 535 329 hominis,
559 281 728 320 subdole
747 294 793 319 ac
814 281 967 319 minimi
988 281 1117 330 preti?

55 364 125 398 490
143 346 238 396 quid
259 347 310 384 de
330 354 368 384 te
389 346 513 385 merui
533 360 612 397 qua
632 360 696 385 me
716 360 854 384 caussa
873 347 1086 396 perderes?

142 419 185 449 ut
205 411 435 461 surrupuisti
456 420 493 450 te
514 411 610 449 mihi
631 413 785 450 dudum
806 413 856 450 de
877 413 962 450 foro
979 415 986 450 Ι
1497 426 1538 460 25

142 475 267 515 fecisti
287 478 404 515 funus
426 478 517 515 med
537 477 691 527 apsenti
712 477 891 526 prandio.

142 553 216 590 qur
235 543 363 579 ausu's
384 543 520 588 facere,
544 541 652 591 quoii
673 555 746 591 ego
766 555 892 591 aeque
912 543 1024 580 heres
1046 544 1182 581 eram?

146 607 261 644 ΜΕΝ.
293 607 542 653 adulescens,
562 619 724 656 quaeso,
745 606 841 656 quid
862 606 933 645 tibi
954 620 1111 645 mecum
1133 614 1191 646 est
1211 607 1265 647 rei

23 681 27 685 ’
57 686 123 722 495
144 670 212 720 qui
233 670 329 708 mihi
350 672 451 709 male
472 671 580 709 dicas
601 671 754 709 homini
775 671 911 721 ignoto
937 671 941 723 Ι
968 672 1168 710 insciens?

143 749 193 774 an
214 735 284 774 tibi
306 737 448 774 malam
470 750 551 774 rem
573 736 632 774 uis
653 750 724 786 pro
745 738 846 774 male
868 736 982 775 dictis
1003 737 1116 776 dari?
1500 753 1543 786 30

143 803 212 839 PE.
245 808 334 850 post
354 814 440 839 eam
462 815 581 851 quam
603 800 746 851 edepol
766 809 804 839 te
825 801 982 840 dedisse
1002 801 1198 852 intellego.

143 869 259 905 ΜΕΝ.
292 867 499 917 responde,
523 867 767 914 adulescens,
792 880 953 916 quaeso,
974 867 1071 917 quid
1091 881 1239 907 nomen
1260 868 1398 907 tibist?

143 933 211 970 PE.
244 931 362 970 etiarn
384 931 540 970 derides
563 931 675 981 quasi
695 945 843 970 nomen
864 945 945 970 non
966 932 1178 982 gnoueris?

57 1008 125 1046 500
144 999 259 1035 ΜΕΝ.
292 1010 373 1036 non
404 998 547 1047 edepol
578 1010 651 1047 ego
681 1004 720 1036 te
746 998 855 1047 quod
883 997 1004 1035 sciam
1032 1010 1221 1048 umquam
1251 1006 1342 1037 ante
1372 1000 1479 1038 hunc

1371 1064 1478 1103 diem

142 1127 223 1166 uidi
246 1141 375 1178 neque
395 1127 516 1178 gnoui
533 1143 542 1175 ;
572 1141 709 1166 uerum
732 1136 850 1175 certo,
873 1127 1051 1178 quisquis
1072 1141 1125 1176 es,
1498 1145 1536 1178 35

148 1192 179 1230 si
199 1206 368 1243 aequom
391 1193 520 1240 facias,
544 1193 639 1230 mihi
661 1192 823 1231 odiosus
844 1206 894 1231 ne
914 1192 1001 1230 sies.

145 1260 214 1297 PE.
247 1260 523 1305 Menaechme,
543 1258 670 1308 uigila.
723 1259 838 1296 MEN.
871 1257 991 1307 uigilo
1012 1258 1143 1295 hercle
1163 1257 1348 1308 equidem
1371 1260 1479 1308 quod

1346 1323 1478 1361 sciam.

145 1391 214 1427 PE.
246 1403 327 1428 non
349 1403 412 1428 me
433 1388 609 1428 nouisti?
667 1390 781 1426 ΜΕΝ.
814 1401 894 1426 non
917 1400 1057 1437 negem
1079 1387 1109 1425 si
1131 1388 1321 1427 nouerim.

61 1467 123 1504 505
145 1457 214 1494 PE.
247 1463 356 1493 tuom
378 1455 590 1505 parasitum
611 1467 693 1492 non
713 1453 888 1492 nouisti?
945 1455 1059 1491 MEN.
1092 1467 1172 1492 non
1193 1454 1264 1492 tibi

143 1535 283 1559 sanum
304 1529 373 1568 est,
396 1522 639 1567 adulescens,
664 1519 845 1569 sinciput,
867 1518 1062 1569 intellego.
1497 1535 1539 1567 40

144 1588 211 1624 PE.
244 1587 454 1636 responde,
475 1584 735 1636 surrupuistin
756 1584 865 1623 uxori
886 1592 976 1623 tuae

142 1653 286 1702 pallam
308 1651 432 1689 istanc
454 1650 573 1689 hodie
601 1650 604 1702 Ι
630 1664 676 1688 ac
697 1649 841 1688 dedisti
863 1648 1030 1688 Erotio?

145 1719 260 1755 ΜΕΝ.
292 1730 422 1767 neque
444 1718 574 1755 hercle
594 1729 667 1766 ego
688 1729 849 1754 uxorem
870 1715 1000 1753 habeo
1020 1728 1150 1765 neque
1171 1728 1244 1766 ego
1266 1716 1403 1756 Erotio

59 1794 126 1830 510
143 1782 237 1821 dedi
257 1796 331 1821 nec
351 1783 496 1833 pallam
517 1780 710 1831 surrupui.
768 1782 837 1818 ΡΕ.
870 1779 971 1818 satin
991 1793 1110 1818 sanus
1131 1782 1204 1819 es?

144 1848 311 1887 occisast
331 1849 429 1886 haec
450 1861 520 1886 res.
580 1860 662 1885 non
683 1859 756 1896 ego
776 1853 814 1884 te
835 1845 1018 1884 indutum
1040 1847 1142 1884 foras
1496 1861 1538 1893 45

143 1914 271 1953 exeire
291 1913 373 1952 uidi
395 1914 571 1964 pallam?
632 1913 747 1949 ΜΕΝ.
779 1925 852 1949 uae
873 1910 992 1961 capiti
1014 1919 1083 1949 tuo
1103 1914 1110 1949 1

187 2029 250 2058 492
274 2029 348 2049 meo
364 2018 398 2048 P
540 2026 603 2056 493
627 2027 667 2047 ea
682 2025 770 2055 quae
786 2015 878 2046 heris
895 2015 1008 2045 heram
1026 2015 1065 2054 P,
1086 2015 1119 2044 A
1136 2026 1167 2046 n.
1185 2015 1202 2046 l.
1222 2028 1228 2046 z
1252 2027 1327 2047 corr.
1344 2015 1478 2057 Lipsius

144 2072 207 2102 495
232 2063 348 2102 ignoto
370 2061 471 2092 ltal.:
513 2061 566 2091 hic
598 2064 678 2090 noto
703 2059 741 2094 P,
769 2059 802 2088 A
834 2069 865 2090 n.
892 2059 934 2088 l.:
971 2059 1022 2089 hic
1059 2059 1179 2097 ignoto
1205 2059 1259 2099 32,
1292 2060 1376 2099 sort.
1405 2065 1480 2091 recte

144 2116 206 2147 497
232 2106 325 2147 post]
347 2106 401 2145 pol
418 2105 450 2135 A
541 2114 640 2143 quam
668 2102 866 2133 Goldbacher
887 2102 1005 2141 (W'en.
1025 2102 1123 2133 stud.
1145 2113 1194 2141 19,
1218 2104 1294 2142 1175
1313 2116 1319 2134 :
1342 2105 1477 2143 quidem

144 2150 178 2180 P
201 2152 278 2189 (seq.
309 2150 403 2189 ede-)
433 2147 482 2189 (A
511 2159 542 2178 n.
571 2147 607 2185 l.)
721 2148 785 2185 498
808 2146 866 2176 tibi
888 2151 1044 2176 nomenst
1067 2146 1099 2176 P
1120 2147 1173 2186 (cs.
1202 2147 1250 2177 ad
1272 2148 1366 2179 Merc.
1396 2149 1478 2187 330)

144 2203 251 2232 502—7
264 2193 468 2233 paucissima
484 2192 518 2221 in
543 2191 693 2221 extremis
715 2190 856 2221 versibus
878 2189 1036 2230 leguntur
1055 2190 1087 2219 A
1245 2201 1309 2230 502
1334 2202 1478 2230 aequom

145 2238 173 2268 si
197 2237 419 2273 Camerarius,
438 2236 491 2266 cui
510 2235 621 2265 hiatus
641 2234 668 2264 si
690 2235 693 2268 Ι
714 2243 856 2273 aequom
873 2233 1013 2273 displicet
1187 2243 1250 2273 503
1270 2239 1345 2274 post
1361 2246 1425 2274 504
1448 2234 1483 2265 P

145 2282 209 2320 506
232 2280 312 2323 (ut)
330 2280 491 2319 intellego
511 2278 731 2314 Camerarius,
760 2287 842 2307 nam
867 2277 1014 2316 sinciput
1038 2280 1224 2316 suspectum
1349 2280 1479 2317 508—10

145 2324 229 2355 nihil
242 2328 375 2365 apparet
388 2323 421 2353 A
529 2323 593 2361 508
614 2322 671 2352 vix
685 2321 789 2352 hodie
856 2320 1005 2351 detulisti
1031 2320 1171 2350 hlueller
1278 2331 1340 2360 510
1364 2323 1476 2354 taliam

144 2368 210 2399 cod.
229 2369 321 2403 (corr.
336 2366 399 2407 ΒΞ)
447 2367 537 2397 satin
556 2375 659 2396 sanus
676 2375 713 2395 es
727 2364 940 2396 Menaechmo
954 2365 1121 2395 continuat
1138 2363 1283 2396 Thomas
1371 2375 1475 2408 511—7

140 2417 246 2452 pauca
262 2412 413 2453 leguntur
427 2411 459 2440 A
