1727 2712
659 107 948 147 CVRCVLIO
1417 110 1464 147 V.
1485 109 1516 147 ii

136 212 200 251 hic
219 220 278 252 est
298 226 416 264 quem
438 227 510 264 ego
531 213 601 253 tibi
623 214 710 252 misi
731 214 850 253 natali
872 214 946 253 die.

136 285 214 317 tam
235 278 348 317 facile
369 279 463 318 noui
484 293 603 330 quarn
626 293 699 318 me.
759 281 876 327 salue,
901 294 988 319 mea
1010 294 1127 319 soror.

135 345 201 381 PL.
234 345 349 382 frater
369 344 433 391 mi,
457 346 575 383 salue.
635 346 710 382 PH.
743 345 840 383 deos
861 346 954 383 uolo
976 346 1077 384 bene
1098 353 1252 385 uortere

133 407 246 446 istam
268 422 349 447 rem
370 409 496 448 uobis.
556 409 628 448 CV.
661 416 700 447 et
720 422 793 459 ego
814 408 928 448 nobis
950 410 1135 448 omnibus
1153 426 1159 448 :

47 479 116 514 660
133 482 174 512 tu
196 482 237 512 ut
257 474 377 514 hodie
397 474 616 514 adueniens
637 487 776 515 cenam
797 476 868 513 des
889 475 1087 522 sororiam,
1485 481 1528 512 60

133 539 196 578 hic
217 540 434 590 nuptialem
454 553 538 579 cras
559 540 679 580 dabit.
740 540 1017 591 promittimus.

133 607 207 643 PH.
239 614 325 644 tace
346 608 397 644 tu.
458 607 530 646 Cv.
562 619 644 645 non
665 613 788 654 taceo,
812 607 974 657 quando
994 620 1054 645 res
1075 607 1192 646 uortit
1213 608 1326 647 bene.

132 677 174 708 tu
191 669 315 709 istane
336 671 543 721 desponde
564 671 667 718 huic,
691 670 813 710 miles.
874 684 947 720 ego
969 672 1103 710 dotem
1126 673 1241 711 dabo.

132 737 213 773 TH.
236 735 331 786 quid
348 736 482 774 dotis?
529 738 600 776 CV.
625 738 781 787 egone?
809 745 851 775 ut
868 750 1031 787 semper,
1048 738 1143 775 dum
1161 738 1279 785 uiuat,
1297 752 1359 777 me
1375 741 1462 778 alat.

47 804 112 849 665
133 813 269 838 uerum
291 802 420 840 hercle
441 801 543 840 dico.
602 803 682 840 TH.
715 815 778 840 me
798 802 960 841 lubente
980 802 1128 840 feceris.
1484 806 1526 847 65

133 873 170 903 et
191 867 281 903 leno
302 865 365 904 hic
386 866 506 904 debet
526 866 642 905 nobis
663 866 818 917 triginta
840 867 976 905 minas.

133 931 206 969 PH.
231 943 350 981 quam
370 931 424 970 ob
444 945 526 970 rem
547 931 677 970 istuc?
724 933 804 969 TH.
828 931 920 981 quia
940 931 1017 970 illic
1039 932 1091 970 ita
1107 934 1327 984 repromisit
1345 934 1440 972 mihi
1458 949 1465 972 ε

131 995 162 1033 si
183 995 392 1046 quisquam
413 997 516 1035 hanc
536 996 685 1035 liberali
706 997 941 1035 adseruisset
963 1010 1092 1044 manu,

131 1060 215 1099 sine
236 1061 507 1100 controuorsia
527 1075 646 1101 omne
667 1070 871 1112 argentum
892 1063 1067 1101 reddere.

45 1129 114 1174 670
131 1139 237 1164 nune
258 1140 393 1166 eamus
413 1128 465 1166 ad
485 1128 682 1166 lenonem.
742 1128 815 1166 Cv.
841 1128 974 1165 laudo.
1032 1130 1107 1166 PH.
1134 1129 1210 1167 hoc
1230 1128 1327 1179 priu'
1348 1131 1451 1177 uolo,
1489 1142 1528 1174 70

132 1204 260 1230 meam
291 1205 372 1230 rem
402 1205 526 1242 agere.
591 1193 672 1230 TH.
704 1191 800 1242 quid
831 1191 870 1231 id
901 1193 988 1230 est?
1057 1195 1131 1231 PH.
1165 1202 1206 1232 ut
1238 1194 1331 1231 mihi
1363 1196 1465 1233 hanc

1201 1260 1463 1309 despondeas.

131 1323 202 1362 CV.
236 1322 333 1372 quid
354 1336 494 1370 cessas,
517 1323 643 1371 miles,
665 1324 767 1361 hanc
788 1322 880 1361 huic
902 1336 1062 1362 uxorem
1084 1325 1206 1362 dare?

130 1389 208 1426 ΤΗ.
236 1388 268 1426 si
289 1389 386 1427 haec
407 1390 500 1427 uolt.
553 1390 620 1426 PL.
648 1388 702 1426 mi
724 1389 851 1435 frater,
865 1389 993 1438 cupio.
1035 1390 1114 1427 TH.
1144 1390 1220 1428 fiat.
1269 1390 1339 1429 Cv.
1364 1391 1466 1429 bene

1358 1456 1462 1494 facis.

35 1567 37 1573 Ι
132 1519 206 1556 PH.
239 1520 475 1568 spondesne,
500 1518 623 1566 miles,
646 1518 743 1556 mihi
765 1519 867 1557 hanc
888 1520 1078 1558 uxorem?
1134 1521 1213 1558 TH.
1247 1523 1440 1570 spondeo.

44 1581 110 1626 675
133 1584 206 1622 Cv.
237 1591 275 1622 et
295 1597 368 1633 ego
389 1585 465 1622 hoc
486 1583 592 1622 idem
615 1597 739 1622 unum
760 1598 766 1622 :
798 1584 988 1633 spondeo.
1047 1585 1128 1622 TH.
1160 1585 1290 1635 lepide
1312 1585 1415 1624 facis.
1489 1592 1525 1625 75

0 1650 110 1695 676—8
131 1649 200 1687 sed
221 1652 358 1687 eccum
381 1651 578 1696 lenonem,
602 1649 759 1696 incedit,
784 1650 1039 1688 thensaurum
1061 1663 1205 1689 meum.

290 1731 596 1771 CAPPADOX
762 1732 1335 1770 THERAPONTIGONVS
1484 1733 1529 1770 iii

377 1798 770 1834 PHAEDROMVS
884 1798 1215 1835 PLANESIVM

132 1861 204 1901 CA.
236 1861 476 1912 Argentariis
498 1863 600 1899 male
621 1860 726 1899 credi
748 1860 815 1911 qui
837 1860 958 1908 aiunt,
981 1874 1103 1911 nugas
1124 1862 1374 1912 praedicant:

44 1929 114 1965 680
131 1940 223 1965 nam
245 1935 283 1965 et
303 1927 407 1965 bene
427 1934 466 1966 et
493 1928 596 1965 male
618 1926 724 1965 credi
752 1926 868 1974 dico;
898 1926 938 1965 id
965 1928 1068 1966 adeo
1095 1940 1168 1977 ego
1189 1927 1308 1966 hodie
1336 1942 1467 1978 exper-

1292 1995 1345 2031 tu'
1366 2006 1464 2032 sum.

131 2070 211 2095 non
234 2058 335 2095 male
351 2056 521 2095 ereditur
538 2055 604 2106 qui
626 2069 842 2106 numquam
864 2057 1046 2104 reddunt,
1071 2058 1140 2095 sed
1161 2070 1321 2107 prosum
1343 2058 1452 2108 perit.

131 2124 239 2160 uelut
259 2123 400 2161 decem
421 2121 547 2159 minas
569 2122 665 2159 dum
686 2121 812 2168 soluit,
837 2121 966 2160 omnis
987 2136 1143 2161 mensas
1165 2122 1326 2161 transiit.

174 2227 237 2265 657
260 2235 358 2256 soror
374 2235 450 2255 mea
466 2224 498 2254 Β
604 2225 669 2263 659
691 2224 741 2254 vel
755 2224 863 2255 istanc
952 2226 1013 2255 661
1035 2225 1100 2256 ΤΗ.
1122 2236 1228 2264 prom.
1244 2225 1308 2257 cod.
1400 2229 1463 2258 662

130 2269 196 2301 Tu.
214 2271 293 2299 (om.
311 2268 393 2303 cod.)
408 2274 429 2299 t.
446 2274 467 2299 t.
483 2267 556 2299 Ital.
647 2268 712 2306 664
737 2268 794 2298 vix
809 2269 923 2299 dotem
992 2269 1068 2299 med
1087 2268 1150 2299 cod.
1244 2270 1307 2309 665
1328 2270 1464 2302 iubente

131 2313 197 2344 cod.
353 2313 418 2342 666
442 2311 492 2352 et]
525 2311 585 2342 sed
616 2311 698 2352 (set)
730 2310 867 2342 Pistoris
898 2312 1013 2352 (praec.
1048 2314 1077 2345 s]
1230 2314 1295 2352 669
1320 2314 1464 2344 reddere

132 2357 295 2397 Scaliger:
322 2356 479 2386 redderet
495 2354 562 2386 cod.
695 2355 759 2393 675
784 2365 851 2386 una
873 2354 996 2395 Ussing
1116 2358 1180 2387 680
1205 2356 1276 2387 Nec
1295 2357 1381 2387 bene
1400 2367 1462 2387 nec

133 2400 219 2431 male
245 2398 430 2430 Lambinus
519 2408 582 2437 ego
606 2397 640 2429 in
659 2408 767 2438 marg.
785 2398 849 2429 cod.
875 2401 962 2439 (post
979 2399 1079 2429 hodie
1097 2398 1160 2436 PE,
1178 2410 1243 2430 om.
1263 2400 1308 2440 Β)
1398 2401 1463 2431 682

133 2442 242 2483 uelut]
260 2444 313 2474 uel
330 2442 387 2473 ille
405 2442 470 2474 Leo
