1727 2702
117 91 194 128 111.
216 91 260 127 iii
630 90 677 127 T.
710 89 892 129 MACCI
924 88 1127 126 PLAVTI

215 202 321 252 prius
342 201 497 241 etiamst
517 202 627 252 quod
647 208 686 240 te
706 202 833 240 facere
854 214 926 251 ego
946 213 1117 251 aequom
1137 213 1292 239 censeo.

215 281 305 305 nam
328 281 433 306 nunc
454 267 486 306 si
509 267 574 306 illo
595 266 800 313 introieris,
822 265 1007 316 amplecti
1029 267 1150 313 uoles,
1566 279 1635 317 570

157 350 195 372 10
214 332 458 372 confabulari
479 340 598 383 atque
619 331 798 371 osculari.
859 333 935 369 DE.
968 339 1009 369 tu
1030 330 1192 381 quidem

215 411 347 436 meum
368 398 546 436 animum
567 404 695 448 gestas
712 413 718 436 :
749 396 825 436 scis
846 396 942 447 quid
963 403 1120 435 acturus
1141 395 1249 435 siem.

214 464 283 501 Lv.
335 476 521 514 peruorse
567 462 697 501 facies.
777 463 854 500 DE.
899 462 1061 512 quodne
1107 462 1245 501 ames?
1322 462 1390 499 LY.
1437 465 1547 498 tanto

1404 524 1544 563 minus.

214 592 426 640 iaiunitatis
447 595 598 644 plenus,
621 592 754 631 anima
774 591 933 639 foetida,

214 672 333 697 senex
353 659 530 697 hircosus
551 666 593 697 tu
614 659 791 697 osculere
811 657 1015 697 mulierem
1028 659 1046 696 ?
1568 660 1633 697 575

156 740 193 772 15
213 724 322 763 utine
342 724 560 763 adueniens
582 723 777 762 uomitum
798 723 972 762 excutias
993 722 1175 761 mulieri?

213 789 295 828 scio
317 791 382 840 pol
404 797 442 828 te
461 802 605 836 amare,
628 802 750 839 quom
772 788 892 827 istaec
913 796 1174 839 praemostras
1196 786 1303 826 mihi.

214 856 290 892 DE.
323 854 419 904 quid
440 854 471 893 si
493 854 608 904 igitur
627 867 752 892 unum
772 853 913 892 faciam
935 854 1012 892 hoc
1029 855 1053 896 Ρ,
1075 852 1106 891 si
1127 866 1276 899 censes,
1298 864 1469 902 coquom

211 919 383 970 aliquem
403 919 633 970 arripiamus
653 918 864 970 prandium
885 918 953 969 qui
973 924 1188 969 percoquat

212 986 319 1035 apud
340 993 377 1024 te
398 985 462 1024 hic
483 998 609 1035 usque
628 985 680 1024 ad
701 997 921 1035 uesperum.
982 985 1052 1021 Lv.
1085 996 1148 1021 em
1169 982 1269 1021 istuc
1289 995 1443 1021 censeo.
1567 982 1635 1027 580

154 1066 195 1089 20
213 1063 319 1088 nunc
340 1057 382 1088 tu
402 1050 599 1100 sapienter
619 1051 780 1100 loquere
800 1062 930 1099 neque
949 1047 1148 1087 amatorie.

216 1117 291 1154 DE.
325 1115 421 1166 quid
442 1117 621 1154 stamus?
650 1115 747 1166 quin
767 1128 859 1165 ergo
879 1113 982 1152 imus
1002 1121 1122 1163 atque
1142 1111 1353 1164 opsonium

213 1195 406 1228 curamus,
431 1182 594 1231 pulchre
615 1188 657 1219 ut
678 1180 830 1219 simus?
887 1181 958 1218 Lv.
990 1178 1177 1229 equidem
1199 1186 1237 1217 te
1257 1191 1410 1228 sequor.

211 1254 330 1296 atque
351 1247 481 1285 hercle
502 1245 680 1285 inuenies
702 1253 744 1284 tu
764 1247 896 1284 locum
918 1244 983 1293 illi,
1007 1244 1039 1283 si
1060 1243 1186 1295 sapis:

212 1314 363 1350 nullum
386 1313 515 1350 hercle
536 1319 688 1362 praeter
708 1312 815 1350 hunc
835 1310 941 1349 diem
963 1309 1028 1348 illa
1047 1310 1154 1361 apud
1175 1309 1267 1348 med
1286 1307 1368 1348 erit.
1569 1308 1631 1352 585

153 1390 193 1422 25
213 1384 348 1415 metuo
368 1390 441 1427 ego
462 1390 635 1424 uxorem,
658 1389 742 1415 cras
763 1374 795 1414 si
815 1389 902 1414 rure
923 1373 1080 1414 redierit

213 1456 262 1481 ne
283 1442 389 1480 illam
410 1442 475 1481 hic
495 1443 682 1481 offendat.
744 1443 820 1479 DE.
853 1454 913 1480 res
933 1447 1067 1491 parata
1086 1447 1157 1488 est,
1178 1451 1342 1490 sequere
1362 1451 1493 1477 me.—

147 1551 193 1587 iv
524 1553 824 1592 CHARINVS
937 1552 1237 1590 Evrvcirvs

213 1638 290 1676 CH.
333 1637 482 1675 Sumne
520 1649 594 1686 ego
632 1636 755 1674 homo
794 1633 922 1682 miser,
961 1633 1029 1685 qui
1068 1646 1264 1684 nusquam
1304 1632 1406 1671 bene
1443 1644 1547 1682 queo

1317 1697 1518 1748 quiescere
1531 1697 1548 1735 ?

213 1765 243 1804 si
265 1765 374 1805 domi
396 1779 494 1812 sum,
518 1764 610 1804 foris
630 1773 689 1804 est
710 1765 878 1812 animus,
901 1763 960 1803 sin
982 1762 1074 1803 foris
1095 1777 1197 1811 sum,
1211 1761 1366 1801 animus
1387 1761 1544 1801 domist.

213 1830 265 1869 ita
286 1831 338 1868 mi
360 1831 398 1868 in
420 1838 579 1881 pectore
599 1838 719 1881 atque
740 1830 779 1869 in
801 1831 920 1869 corde
940 1827 1032 1868 facit
1051 1842 1162 1868 amor
1182 1827 1409 1867 incendium
1427 1843 1434 1866 :
1566 1831 1634 1868 590

214 1896 252 1934 ni
274 1911 320 1935 ex
341 1896 464 1935 oculis
485 1898 683 1935 lacrumae
705 1896 933 1942 defendant,
956 1894 1034 1933 iam
1053 1895 1188 1933 ardeat
1208 1894 1328 1933 credo
1348 1900 1476 1943 caput.

175 1973 191 2002 5
214 1975 324 2012 spem
346 1969 473 2008 teneo,
498 1963 662 2000 salutem
684 1960 798 1999 amisi
815 1975 825 2009 3
853 1961 987 1999 redeat
1006 1973 1056 1998 an
1077 1972 1159 1998 non
1179 1958 1337 1998 nescio:

257 2067 322 2106 569
344 2077 410 2106 quo
437 2067 502 2097 (vel
523 2066 637 2106 quom&
668 2071 700 2096 te
725 2063 790 2096 cod.
817 2068 854 2094 ut
876 2062 939 2096 vid,
969 2064 1048 2104 (pro
1070 2067 1152 2102 quot
1175 2067 1230 2100 te;
1262 2062 1281 2093 i.
1312 2063 1349 2101 4)
1482 2073 1542 2103 571

213 2111 376 2141 ausculari
401 2109 464 2141 cod.
605 2119 668 2149 573
693 2119 802 2139 amem
828 2107 981 2148 Scaltger,
1001 2107 1083 2147 sort.
1115 2110 1191 2137 recte
1319 2116 1383 2146 575
1408 2106 1458 2138 vel
1478 2107 1545 2137 hir-

213 2165 338 2194 quosus
429 2153 604 2184 ausculcre
621 2151 687 2184 cod.
799 2152 864 2191 578
889 2151 1006 2182 faciam
1026 2149 1243 2181 Gulielmius:
1267 2148 1386 2181 factam
1407 2150 1544 2191 (sactum

212 2198 257 2238 B)
275 2198 342 2229 cod.
413 2208 513 2228 unum
533 2198 596 2227 hoc
614 2197 733 2227 faciam
747 2195 791 2237 (2)
805 2193 871 2225 Leo
887 2207 893 2225 :
917 2204 1053 2226 coenam
1072 2194 1206 2225 faciam?
1231 2193 1295 2224 hoc
1312 2193 1396 2224 Pius
1483 2195 1542 2233 581

213 2241 351 2282 loquere
371 2251 480 2280 neque
497 2240 658 2271 amatorie
674 2240 778 2270 Brix:
803 2239 939 2278 loquere
955 2242 1056 2277 atque
1073 2238 1212 2268 amatori
1230 2236 1295 2267 cod.
1315 2249 1321 2267 :
1346 2237 1494 2277 loqueris
1510 2243 1544 2268 et

213 2286 375 2316 amatorie
404 2284 546 2318 Gm'ctus,
571 2284 622 2314 cui
642 2288 743 2322 atque
769 2282 931 2314 amatorie
955 2281 1114 2321 displicet:
1150 2280 1169 2311 l.
1196 2291 1224 2311 a.
1253 2286 1287 2311 ut
1307 2282 1467 2312 amatoris
1491 2285 1543 2312 est

212 2328 346 2370 Seyffert
486 2329 550 2367 583
573 2337 728 2358 curamus
757 2326 986 2358 Camerarius:
1021 2334 1176 2356 curemus
1201 2323 1265 2356 cod.
1409 2326 1473 2364 585
1497 2324 1546 2355 vel

215 2384 267 2403 me
287 2374 345 2405 (ita
363 2371 446 2410 cod.)
568 2371 632 2410 586
656 2381 686 2401 u.
708 2381 735 2401 e.
757 2380 799 2400 m.
823 2369 929 2408 Goetz,
949 2369 1001 2399 cui
1015 2379 1078 2408 ego
1099 2367 1104 2410 Ι
1125 2377 1180 2399 ux.
1200 2367 1339 2408 displicet
1457 2378 1544 2407 590-

214 2418 280 2448 600
307 2419 340 2447 in
358 2418 390 2447 A
407 2421 568 2456 perpauca
586 2415 617 2445 in
635 2424 788 2445 versuum
805 2413 906 2444 initiis
921 2415 1047 2443 servata
1179 2421 1238 2450 591
1266 2412 1298 2442 ni
1315 2411 1432 2443 oculos
1448 2411 1480 2442 Β
