1727 2702
171 96 250 138 V.i
655 101 700 139 T.
735 97 914 141 MACCI
947 97 1148 139 PLAVTI

181 224 214 254 15
235 209 336 249 sicut
357 217 397 248 tu
420 209 510 248 huic
532 217 655 260 potes,
678 218 786 260 pater
808 210 872 256 nii,
897 211 1022 248 facere
1043 210 1183 249 merito
1203 223 1395 249 maxume.

238 276 318 314 HE.
349 275 446 326 quid
466 283 583 325 opust
604 275 733 314 uerbis
750 277 766 314 ?
795 275 926 326 lingua
946 276 1089 313 nullast
1109 289 1187 325 qua
1207 289 1346 326 negem
1367 274 1563 326 quidquid

1438 353 1560 391 roges.

236 408 407 445 Pflrtoc.
440 407 597 456 postulo
616 419 686 456 aps
708 413 745 445 te
766 414 808 444 ut
829 405 924 444 mihi
950 405 1058 444 illum
1086 406 1226 445 reddas
1253 419 1420 453 seruom,
1443 418 1562 456 quem

1245 470 1309 509 hic
1331 470 1562 520 reliqueram

234 536 375 587 pignus
396 550 466 587 pro
488 550 560 583 me,
585 535 651 586 qui
674 536 769 575 mihi
792 536 929 575 melior
949 550 1067 586 quarn
1089 536 1162 575 sibi
1184 550 1338 587 semper
1359 535 1441 582 fuit,

234 615 305 652 pro
327 602 427 640 bene
448 601 558 639 factis
579 601 662 640 eius
683 609 724 640 ut
745 600 779 640 ei
802 601 968 651 pretium
991 601 1137 652 possim
1159 602 1333 640 reddere.
1580 607 1651 642 940

177 683 215 704 ιο
238 668 316 704 ΗΕ.
349 667 458 716 quod
480 666 581 704 bene
602 665 726 705 fecisti
747 667 932 704 referetur
951 665 1072 715 gratia
1093 665 1132 705 id
1155 667 1264 716 quod
1285 666 1485 716 postulas;

234 739 271 770 et
293 731 333 770 id
354 739 391 770 et
411 731 518 770 aliud
539 732 648 781 quod
672 745 734 770 me
755 730 884 770 orabis
906 730 1144 782 impetrabis.
1201 739 1320 781 atque
1342 739 1379 769 te

233 795 355 834 nolim
377 809 604 834 suscensere
624 797 732 845 quod
754 810 827 846 ego
847 796 966 835 iratus
986 796 1022 835 ei
1043 796 1116 835 feci
1138 797 1250 834 male.

235 864 406 900 PH1Loc.
448 861 543 912 quid
582 861 737 900 fecisti?
824 863 905 900 HE.
946 861 986 900 in
1021 861 1251 913 lapicidinas
1290 860 1560 911 compeditum

1385 924 1558 971 condidi,

233 992 300 1030 ubi
335 991 473 1031 resciui
509 991 604 1030 mihi
638 993 730 1031 data
764 1005 849 1032 esse
881 992 1011 1031 uerba.
1102 993 1274 1031 PfflLoc.
1307 1004 1380 1030 uae
1419 990 1562 1029 misero
1580 999 1647 1036 945

1452 1053 1560 1101 mihi,

174 1136 214 1169 ²5
236 1129 394 1172 propter
414 1135 545 1160 meum
567 1130 684 1172 caput
706 1122 859 1161 labores
879 1121 1030 1160 homini
1052 1120 1232 1160 euenisse
1252 1128 1418 1171 optumo
1437 1122 1444 1157 l

235 1188 315 1224 HE.
347 1194 386 1225 at
407 1187 459 1225 ob
480 1201 565 1226 eam
589 1200 668 1225 rem
692 1186 787 1224 mihi
809 1186 980 1225 libellam
1002 1186 1072 1237 pro
1094 1200 1142 1225 eo
1161 1185 1308 1237 argenti
1330 1199 1380 1223 ne
1401 1183 1512 1223 duis:

232 1251 362 1300 gratiis
382 1266 405 1289 a
426 1265 499 1298 me,
523 1259 565 1290 ut
585 1251 633 1289 sit
655 1251 762 1298 liber,
785 1251 931 1290 ducito.
993 1253 1163 1289 PfflLoc.
1196 1251 1350 1300 edepol,
1375 1249 1516 1299 Hegio,

233 1316 318 1354 faci'
354 1316 532 1366 benigne.
611 1317 680 1355 sed
719 1329 867 1366 quaeso
908 1315 1110 1355 hominem
1150 1322 1192 1354 ut
1231 1314 1367 1353 iubeas
1409 1312 1562 1352 arcessi.

1347 1380 1426 1417 HE.
1459 1378 1559 1417 licet.

234 1446 302 1484 ubi
323 1446 416 1485 estis
437 1448 538 1485 uos?
568 1446 618 1485 ite
639 1454 826 1492 actutum,
850 1447 1079 1495 Tyndarum
1102 1446 1179 1484 huc
1199 1444 1392 1483 arcessite.
1580 1453 1650 1490 950

172 1530 214 1561 30
233 1525 304 1550 uos
326 1511 377 1551 ite
399 1511 510 1549 intro.
572 1511 725 1550 interibi
748 1525 820 1561 ego
841 1525 887 1549 ex
909 1512 981 1549 hac
1002 1518 1130 1549 statua
1150 1510 1336 1549 uerberea
1357 1510 1450 1548 uolo

231 1577 420 1627 erogitare
442 1590 531 1615 meo
553 1576 703 1615 minore
724 1576 819 1626 quid
841 1576 888 1614 sit
911 1577 1055 1614 facturn
1079 1575 1168 1614 filio.

232 1656 303 1681 uos
331 1643 458 1680 lauate
486 1641 652 1680 interibi.
714 1643 885 1679 Pffltop.
916 1654 1079 1691 sequere
1106 1642 1190 1687 hac,
1220 1640 1470 1686 Philocrates,
1496 1651 1560 1678 me

975 1706 1318 1744 intro—PfflLoc.
1352 1717 1561 1755 sequor.—

184 1815 212 1851 ii
584 1813 768 1850 Heoio
880 1813 1212 1851 STALAons

234 1900 312 1937 HE.
346 1901 430 1948 Age
461 1906 501 1937 tu
533 1898 622 1936 illuc
654 1900 836 1948 procede,
858 1899 962 1937 bone
996 1898 1064 1944 uir,
1094 1897 1268 1948 lepidum
1305 1896 1558 1948 mancupium

1234 1957 1237 1960 ’
1412 1976 1554 2001 meum.

230 2031 293 2068 ST.
323 2028 419 2079 quid
442 2042 503 2067 me
525 2036 678 2078 oportet
701 2029 837 2074 facere,
854 2027 920 2065 ubi
943 2035 983 2065 tu
1006 2026 1091 2065 talis
1113 2026 1171 2065 uir
1191 2027 1331 2065 falsum
1348 2028 1558 2065 autumas?
1576 2037 1638 2078 955

230 2093 282 2132 sui
313 2107 386 2143 ego
416 2094 552 2140 bellus,
585 2093 763 2142 lepidus:
807 2092 926 2131 bonu’
957 2092 1014 2130 uir
1044 2105 1271 2141 numquam,
1305 2104 1433 2141 neque
1461 2090 1557 2141 frugi

1417 2156 1556 2202 bonae,

272 2274 337 2302 940
362 2269 396 2294 ut
414 2263 443 2293 ci
463 2261 535 2292 Ital.
553 2272 559 2292 :
595 2261 640 2292 uti
661 2260 726 2291 cod.
752 2263 822 2301 ‘pro
840 2266 872 2290 ut
895 2261 941 2293 cil
1124 2268 1183 2299 941
1207 2263 1281 2300 pos!
1301 2270 1329 2290 v.
1351 2260 1416 2299 938
1437 2259 1470 2289 in
1489 2258 1554 2290 cod.

232 2307 313 2347 (non
327 2307 374 2345 J)
463 2307 527 2345 948
552 2305 653 2335 cratis
669 2304 735 2335 cod.
758 2304 799 2340 (C
816 2309 876 2343 pm
899 2304 944 2334 Gi
1034 2304 1146 2334 ducito
1166 2302 1397 2333 Linde-mmm:
1422 2303 1557 2333 aducito

229 2350 293 2381 cod.
316 2351 371 2381 *iv.
391 2360 422 2389 3,
452 2360 480 2389 p.
501 2350 555 2387 842
698 2357 763 2386 950
788 2358 848 2378 uos
864 2346 1000 2396 1<licus)
1025 2347 1173 2383 Skutsch,
1199 2347 1252 2376 cui
1271 2347 1381 2377 hiatus
1406 2346 1459 2377 ubi
1479 2345 1485 2388 Ι
1507 2356 1554 2376 es.

230 2394 367 2433 displice!
497 2402 557 2432 951
586 2391 741 2422 interibo
757 2390 822 2421 cod.
846 2402 880 2425 *d-
903 2393 935 2430 7)
