1727 2702
131 115 207 152 ΙΙΙ.
229 115 273 152 iii
653 118 699 155 T.
734 118 914 158 MACCI
947 118 1150 157 PLAVTI

170 239 210 269 50
228 227 367 264 eadem
390 225 486 265 istac
507 240 626 277 opera
645 227 822 266 suauiust
843 230 1071 279 complexos
1091 227 1266 267 fabulari.
1576 230 1648 273 640

229 291 289 328 L1.
323 305 402 329 non
419 291 552 330 omnia
573 293 712 331 eadem
733 306 859 344 aeque
875 292 1073 340 omnibus,
1091 306 1166 340 ere,
1184 293 1320 332 suauia
1335 307 1420 333 esse
1436 293 1558 335 scito:

227 356 342 394 uobis
362 364 420 395 est
441 370 562 395 suaue
582 357 807 397 amantibus
828 359 1056 408 complexos
1077 358 1252 406 fabulari,

226 436 299 471 ego
315 424 566 472 complexum
583 423 699 461 huius
715 423 768 461 nil
786 437 926 471 moror,
945 437 1076 462 meum
1090 431 1222 462 autem
1239 423 1303 463 hic
1318 431 1557 475 aspernatur.

226 487 391 537 proinde
413 486 512 525 istuc
533 487 652 526 facias
672 487 755 538 ipse
776 489 885 539 quod
906 487 1095 527 faciamus
1117 487 1231 527 nobis
1252 490 1406 528 suades.

167 561 205 595 55
226 553 330 590 Am.
355 566 428 602 ego
444 566 549 600 uero,
568 560 606 592 et
621 552 783 604 quidem
800 554 942 604 edepol
960 554 1110 592 lubens.
1164 552 1320 601 interea,
1338 553 1369 593 si
1391 554 1556 602 uidetur,
1577 558 1645 603 645

225 617 434 656 concedite
455 617 565 656 istuc.
626 620 697 656 LE.
729 618 797 657 uin
819 632 928 658 erum
950 618 1115 658 deludi?
1173 619 1232 656 Lr.
1262 618 1420 669 dignust
1441 633 1545 659 sane.

228 684 296 720 LE.
321 683 386 721 uin
405 682 545 721 faciam
567 690 609 722 ut
631 697 693 723 me
711 683 959 722 Philaenium
976 690 1182 734 praesente
1198 684 1274 722 hoc
1289 685 1561 735 amplexetur?

226 750 285 786 L1.
323 748 442 799 cupio
479 749 622 787 hercle.
701 750 772 787 LE.
809 762 972 800 sequere
1015 750 1099 788 hac.
1177 751 1282 787 ARG.
1319 749 1462 800 ecquid
1501 757 1560 788 est

1127 813 1294 852 salutis?
1322 814 1404 852 sati'
1425 815 1556 854 locuti.

226 880 296 917 LE.
328 881 546 919 auscultate
566 887 686 930 atquc
707 893 867 931 operam
889 880 981 919 date
1001 887 1039 918 et
1061 893 1148 918 mea
1169 878 1274 918 dicta
1294 880 1492 919 deuorate.

162 950 206 981 60
225 944 394 995 primum
417 945 596 984 omnium
618 958 752 984 seruos
774 953 862 984 tuos
883 959 956 984 nos
977 958 1062 984 esse
1083 958 1163 983 non
1185 957 1399 995 negamus;
1579 947 1650 992 650

225 1011 295 1049 sed
318 1010 386 1048 tibi
409 1010 439 1048 si
460 1010 598 1061 uiginti
621 1010 750 1049 minae
771 1010 919 1062 argenti
942 1011 1196 1061 proferentur,

225 1088 306 1126 quo
323 1089 395 1114 nos
412 1075 574 1115 uocabis
591 1075 783 1115 nomine?
821 1078 927 1115 ARG.
946 1075 1117 1115 libertos.
1160 1076 1230 1114 LE.
1254 1088 1334 1114 non
1351 1077 1562 1126 patronos?

226 1142 331 1179 ARG.
364 1140 404 1179 id
425 1140 566 1192 potius.
628 1142 697 1179 LE.
731 1140 870 1192 uiginti
892 1140 1022 1180 minae
1044 1140 1107 1179 hic
1128 1139 1262 1179 insunt
1283 1140 1321 1178 in
1343 1139 1531 1188 crumina,

225 1207 295 1244 has
316 1220 399 1256 ego,
423 1206 454 1244 si
475 1205 546 1253 uis,
569 1205 640 1245 tibi
661 1206 778 1245 dabo.
839 1208 944 1245 ARG.
977 1205 1016 1245 di
1039 1213 1077 1245 te
1097 1205 1309 1244 seruassint
1329 1219 1494 1257 semper,

164 1275 204 1316 65
225 1279 357 1310 custos
379 1271 492 1319 erilis,
515 1273 627 1310 decu'
649 1271 768 1323 popli,
795 1273 1029 1311 thensaurus
1050 1270 1264 1322 copiarum,
1579 1272 1648 1317 655

226 1339 330 1376 salus
351 1337 511 1377 interior
527 1337 701 1389 corporis
721 1337 946 1388 amorisque
967 1336 1187 1388 imperator.

225 1403 289 1442 hic
304 1416 419 1453 pone,
444 1403 507 1441 hic
528 1403 642 1441 istam
665 1405 818 1442 colloca
838 1402 1056 1442 cruminam
1078 1401 1118 1440 in
1139 1403 1243 1441 collo
1263 1402 1390 1452 plane.

227 1470 296 1506 LE.
330 1470 424 1507 nolo
444 1482 518 1519 ego
538 1476 586 1515 te,
611 1469 678 1519 qui
699 1482 787 1507 erus
808 1468 871 1516 sis,
891 1469 986 1506 mihi
1007 1481 1107 1506 onus
1129 1467 1228 1506 istuc
1249 1467 1450 1506 sustinere.

227 1535 332 1571 ARG.
365 1533 459 1583 quin
481 1540 523 1571 tu
544 1533 677 1572 labore
699 1533 840 1572 liberas
861 1541 898 1572 te
918 1541 1037 1583 atque
1058 1532 1172 1571 istam
1194 1531 1364 1583 imponis
1386 1532 1424 1571 in
1447 1534 1539 1571 me?

168 1612 208 1646 70
227 1600 297 1636 LE.
331 1611 404 1648 ego
425 1597 705 1646 baiiolabo‚t1i,
724 1606 766 1637 ut
781 1599 897 1637 decet
913 1597 1133 1645 dominum,
1151 1605 1242 1636 ante
1264 1611 1327 1636 me
1348 1597 1402 1635 ito
1420 1596 1557 1635 inanis.
1579 1598 1651 1634 660

226 1666 331 1703 ΑΗΘ.
364 1664 461 1714 quid
495 1665 631 1702 nunc?
689 1665 759 1702 LE.
791 1663 888 1715 quid
922 1665 1010 1703 est?
1067 1665 1171 1702 ARG.
1204 1662 1299 1713 quin
1332 1662 1451 1702 tradis
1482 1663 1561 1701 huc

871 1728 1089 1768 cruminam
1112 1736 1329 1778 pressatum
1352 1729 1561 1766 umerum?

227 1797 296 1834 LE.
330 1796 443 1841 hanc,
453 1793 547 1845 quoi
561 1795 733 1833 daturu's
747 1796 860 1841 hanc,
877 1794 970 1833 iube
983 1802 1114 1845 petere
1129 1801 1248 1844 atque
1264 1806 1373 1832 orare
1389 1806 1557 1832 mecum.

227 1874 317 1898 nam
341 1859 440 1898 istuc
461 1859 636 1909 procliue
657 1867 714 1898 est
735 1873 816 1910 quo
837 1858 949 1898 iubes
971 1872 1034 1897 me
1054 1860 1170 1909 plane
1190 1859 1394 1897 collocare.

229 1927 302 1963 ΡΗ.
335 1926 396 1972 da,
421 1938 530 1963 meus
551 1926 710 1971 ocellus,
735 1938 822 1964 mea
843 1938 939 1971 rosa,
964 1923 1016 1962 mi
1037 1923 1179 1971 anime,
1203 1937 1290 1962 mea
1310 1924 1503 1974 uoluptas,

169 2001 208 2036 75
230 1989 418 2037 Leonida,
441 1997 645 2040 argentum
669 1989 776 2038 mihi,
800 2003 849 2028 ne
870 2003 942 2028 nos
963 1988 1124 2040 diiunge
1143 1988 1322 2027 amantis.
1578 1997 1646 2043 665

230 2057 297 2093 LE.
330 2055 394 2094 dic
417 2069 478 2094 me
500 2055 615 2105 igitur
636 2063 745 2093 tuom
768 2056 1047 2106 passerculum,
1069 2053 1265 2104 gallinam,
1288 2053 1543 2101 coturnicem,

270 2161 329 2198 641
357 2170 465 2199 acque
480 2159 663 2200 Angelius:
697 2164 799 2198 atque
821 2158 888 2189 cod.
1019 2159 1084 2197 643
1108 2157 1158 2188 vel
1171 2162 1236 2197 ego
1254 2168 1281 2188 c.
1302 2156 1414 2187 huiius
1504 2157 1558 2188 hic

226 2202 387 2242 Pylades:
414 2204 496 2233 hacc
513 2203 577 2234 cod.
699 2203 762 2240 644
789 2202 877 2233 istud
905 2201 970 2233 cod.
1090 2203 1153 2241 647
1179 2206 1211 2232 te
1238 2199 1372 2230 Loman
1493 2201 1558 2240 654

226 2246 363 2288 (nunc)
391 2247 448 2277 tibi
473 2246 658 2283 Fleckeisen,
686 2257 769 2276 nam
796 2245 931 2276 iambus
957 2245 1012 2276 tibi
1034 2249 1110 2275 ante
1133 2244 1284 2275 iambum
1310 2243 1397 2274 dabo
1422 2244 1561 2284 displicet

225 2291 290 2328 656
316 2290 455 2321 interior
478 2290 598 2320 Bothe:
625 2289 798 2320 interioris
815 2288 882 2320 cod.
989 2289 1158 2330 corporis]
1177 2288 1323 2319 hominis
1339 2287 1371 2318 Β
1386 2289 1430 2326 (ν,
1450 2297 1483 2326 p.
1500 2287 1557 2323 81)

225 2335 286 2363 661
316 2344 467 2364 umerum
490 2334 644 2373 Bentley:
677 2343 769 2363 erum
786 2332 852 2364 cod.
1043 2333 1108 2371 663
1131 2342 1199 2371 quo
1219 2331 1362 2371 Ussing:
1386 2331 1475 2370 quod
1492 2329 1556 2361 cod.

225 2378 288 2415 664
315 2387 408 2408 meus
424 2377 555 2408 animus
572 2376 709 2416 Pylades
807 2378 872 2416 665
897 2377 1044 2415 dciunge
1061 2375 1125 2407 cod.
1146 2376 1192 2416 (v.
1216 2385 1263 2415 12,
1284 2385 1316 2414 p.
1339 2375 1396 2416 74)
1495 2374 1561 2405 666

229 2430 280 2451 me
299 2420 400 2460 igitur
416 2421 518 2452 Bothe
532 2433 539 2452 ε
564 2421 666 2460 igitur
682 2430 734 2452 me
750 2419 816 2451 cod.
