1727 2712
694 104 966 143 ASINARIA
1466 102 1496 140 I.
1517 97 1533 138 i

167 223 236 254 tun
258 215 426 255 redimes
447 228 521 261 me,
545 214 576 253 si
599 228 661 253 me
682 215 815 253 hostes
837 213 1144 264 interceperint?
1517 229 1562 260 90

169 283 245 319 DE.
278 280 480 320 redimam.
515 282 571 318 L1.
605 288 688 318 tum
711 287 752 317 tu
773 278 888 329 igitur
907 278 1015 317 aliud
1036 292 1129 317 cura
1150 277 1369 328 quidlubet.

166 362 214 388 eo
234 361 307 398 ego
329 347 380 385 ad
401 347 540 392 forum,
564 345 638 383 nisi
659 345 757 396 quid
776 344 846 383 uis.
879 345 1028 383 fietne?
1086 346 1162 382 DE.
1185 342 1354 381 ambula.

165 419 284 461 atque
304 411 426 450 audin
447 410 596 449 etiam?
653 412 712 448 L1.
745 409 848 448 ecce.
910 411 985 448 DE.
1018 409 1049 447 si
1070 408 1166 459 quid
1187 415 1225 446 te
1245 408 1390 454 uolam,

82 491 149 516 110
165 476 233 515 ubi
253 476 358 515 eris?
414 478 473 514 L1.
507 476 780 526 ubiquomque
801 475 969 514 lubitum
991 474 1062 513 erit
1082 473 1216 512 animo
1237 486 1338 512 meo.

164 542 342 592 profecto
364 555 482 580 nemo
503 549 562 580 est
582 554 701 591 quem
723 540 801 578 iam
822 539 968 579 dehinc
990 546 1165 578 metuam
1186 537 1283 577 mihi
1518 553 1559 585 95

163 619 214 645 ne
234 605 330 656 quid
350 619 493 644 nocere
513 605 646 656 possit,
670 619 792 656 quom
814 613 855 643 tu
877 604 974 643 mihi
994 612 1059 643 tua

163 671 340 710 oratione
360 685 522 710 omnem
542 671 720 709 animum
741 669 949 709 ostendisti
970 677 1091 708 tuom.

164 736 261 787 quin
284 744 322 776 te
343 750 503 787 quoque
523 736 653 786 ipsum
674 736 777 774 facio
797 737 875 774 hau
897 735 1038 785 magni,
1063 734 1093 773 si
1114 736 1191 773 hoc
1213 741 1335 785 patro.

80 814 143 850 115
163 816 323 853 pergam
344 816 424 853 quo
445 802 582 852 occepi
603 810 722 852 atque
744 801 797 839 ibi
818 800 982 839 consilia
1002 799 1190 839 exordiar.

166 869 241 906 DE.
273 867 395 907 audin
416 870 488 906 tu?
516 869 623 918 apud
645 867 908 906 Archibulum
931 880 1003 916 ego
1024 879 1091 904 ero
1111 864 1384 915 argentarium.
1523 877 1584 901 100

164 934 224 972 L1.
257 947 401 984 nempe
422 933 461 972 in
482 934 596 972 foro?
655 934 729 971 DE.
763 931 828 978 ibi,
852 931 883 970 si
904 931 1000 981 quid
1021 944 1121 981 opus
1141 929 1266 969 fuerit.
1322 931 1382 968 L1.
1417 930 1500 968 Me-

1281 1007 1500 1033 mmera—

166 1067 243 1104 DE.
275 1079 356 1105 non
377 1078 463 1104 esse
483 1078 619 1104 seruos
640 1063 750 1115 peior
770 1064 847 1102 hoc
868 1062 1077 1113 quisquam
1099 1067 1230 1112 potest

165 1143 239 1168 nec
260 1129 374 1180 magi’
395 1137 578 1169 uorsutus
599 1143 674 1168 nec
694 1143 774 1179 quo
794 1129 845 1167 ab
867 1141 1007 1166 caueas
1028 1125 1191 1177 aegrius.

82 1203 147 1229 120
164 1194 294 1234 eidem
316 1194 479 1242 ho'mini,
502 1194 533 1233 si
554 1194 650 1244 quid
667 1202 773 1233 recte
793 1201 971 1232 curatum
992 1191 1101 1239 uelis,

164 1261 353 1299 mandes:
384 1260 515 1299 moriri
536 1274 621 1299 sese
642 1259 783 1298 misere
805 1260 978 1297 mauolet
1522 1267 1583 1302 105

165 1338 284 1375 quam
305 1339 386 1364 non
407 1326 624 1375 perfectum
645 1325 784 1364 reddat
806 1325 915 1374 quod
936 1322 1167 1374 promiserit.

166 1403 258 1428 nam
279 1403 352 1440 ego
372 1390 464 1429 ilhic
484 1398 689 1441 argentum
711 1398 792 1428 tam
814 1397 992 1440 paratum
1014 1388 1094 1427 filio

166 1455 249 1494 scio
269 1469 354 1494 esse
374 1469 494 1506 quam
515 1469 579 1494 me
600 1457 706 1494 hunc
728 1455 947 1505 scipionem
968 1454 1114 1493 contui.

80 1534 143 1570 1²5
166 1521 236 1559 sed
257 1520 353 1570 quid
374 1534 448 1571 ego
467 1534 580 1560 cesso
600 1521 654 1559 ire
675 1522 726 1560 ad
747 1522 875 1559 forum
897 1533 977 1570 quo
998 1519 1254 1570 inceperam?

164 1583 267 1638 (ibo)
284 1592 404 1636 atque
424 1585 479 1625 ibi
500 1586 672 1625 manebo
692 1587 799 1636 apud
821 1584 1151 1635 argentarium.—
1523 1595 1585 1618 110

648 1694 1016 1730 ARGYR1PPVS
1520 1688 1551 1727 ii

165 1786 270 1824 ARG.
302 1784 433 1824 Sicine
453 1786 530 1824 hoc
552 1786 623 1823 fit?
654 1786 756 1824 foras
778 1784 944 1824 aedibus
966 1798 1028 1823 me
1049 1782 1153 1823 eici?

164 1850 402 1900 promerenti
424 1858 588 1900 optume
609 1850 753 1890 hoccin
777 1850 876 1900 preti
898 1849 1103 1889 redditur?

165 1916 266 1954 bene
287 1916 452 1954 merenti
474 1918 575 1954 mala
596 1931 649 1965 es,
674 1919 776 1956 male
798 1916 963 1955 merenti
985 1915 1091 1954 bona
1111 1928 1176 1962 es;

79 1994 145 2029 130
163 1989 202 2020 at
223 1982 327 2020 malo
348 1995 439 2020 cum
460 1990 540 2030 tuo,
563 1997 655 2021 narn
677 1983 755 2022 iam
777 1997 824 2022 ex
845 1984 921 2022 hoc
942 1983 1032 2021 loco

164 2045 231 2084 ibo
251 2060 324 2097 ego
344 2049 394 2086 ad
416 2048 590 2087 trisuiros
612 2057 824 2099 uostraque
845 2049 899 2087 ibi
921 2048 1084 2088 nomina
1517 2056 1536 2089 5

164 2113 252 2150 faxo
272 2120 397 2160 erunt,
419 2113 549 2163 capiti’
570 2122 608 2152 te
629 2115 791 2164 perdam
814 2127 886 2164 ego
907 2122 946 2153 et
967 2114 1098 2159 filiam,

210 2218 271 2248 108
294 2228 336 2248 eo
356 2229 422 2257 ego
439 2217 504 2249 cod.
526 2218 619 2258 (recte
634 2217 682 2258 B)
775 2218 806 2249 ei
824 2219 867 2259 (i)
888 2219 974 2249 bene
997 2218 1131 2249 ambula
1149 2217 1322 2247 Fleckeisen
1437 2226 1494 2247 121

164 2261 311 2291 mauolet
328 2272 402 2292 cum
415 2262 515 2302 gloss.
535 2262 641 2300 magis
658 2261 751 2293 uolet
767 2262 832 2293 cod.
961 2273 1021 2301 123
1046 2262 1126 2292 illud
1144 2261 1210 2292 cod.
1329 2270 1387 2299 125
1411 2259 1495 2299 quo]

164 2306 254 2344 quod
267 2305 332 2337 cod.
480 2307 540 2336 126
565 2305 619 2336 ibo
635 2317 664 2336 a.
684 2306 728 2335 ibi
748 2305 975 2337 Cameramts:
1002 2317 1031 2337 a.
1054 2306 1096 2335 ibi
1118 2304 1184 2335 cod.
1207 2305 1287 2344 (pro
1303 2304 1347 2334 ibi
1364 2314 1394 2334 a.
1412 2303 1454 2334 ibi
1469 2304 1496 2341 ³)

168 2358 229 2397 ‚¹3⁰
253 2359 329 2433 lnarn
347 2349 429 2422 izlxm]
448 2349 605 2380 nunciam
622 2348 770 2389 Pylades,
791 2351 844 2381 cui
857 2360 912 2380 nec
932 2349 1095 2390 spondeus
1115 2353 1177 2388 pro
1193 2348 1300 2379 cretico
1317 2358 1371 2378 nec
1386 2347 1498 2378 ln'alus

167 2402 231 2422 iarn
278 2402 322 2422 ex
334 2398 359 2433 p
372 2396 438 2424 acet
