1727 2702
73 111 189 140 PROL.
625 102 672 140 T.
706 101 887 141 MACCI
919 101 1122 139 PLAVTI

214 224 263 250 ne
284 211 371 261 quis
393 211 575 250 formidet
597 210 852 262 flagitatorem
874 223 986 249 suom
1004 225 1012 248 ε

153 292 192 321 25
213 276 293 315 ludi
314 285 416 323 sunt,
440 278 556 315 ludus
576 277 691 315 datus
711 284 768 315 est
789 275 1040 326 argentariis;

212 341 465 392 tranquillum
486 349 556 388 est,
581 340 800 380 Alcedonia
821 349 911 379 sunt
932 340 1079 379 circum
1102 341 1253 379 sorum:

211 406 361 446 ratione
382 415 554 454 utuntur,
577 405 680 445 ludis
701 413 869 457 poscunt
891 404 1102 451 neminem,

211 473 431 510 secundum
452 472 567 510 ludos
589 472 758 510 reddunt
779 479 910 510 autern
934 470 1093 509 nemini.

210 549 322 576 aures
343 536 508 575 uociuae
529 536 559 574 si
581 543 683 583 sunt,
704 536 880 574 animum
901 534 1120 574 aduortite:

152 613 191 643 30
211 601 431 640 comoediai
455 614 600 640 nornen
622 601 715 640 dare
735 600 850 639 uobis
871 601 975 639 uolo.

211 666 471 715 Κληρούμενοι
495 673 658 704 uocatur
678 666 776 705 haec
796 664 1006 704 comoedia

208 743 358 780 graece,
381 729 499 769 latine
520 729 745 769 Sortientes.
808 729 992 780 Diphilus

210 797 312 834 hanc
332 809 469 846 graece
490 795 654 846 scripsit,
676 795 808 846 postid
830 809 963 834 rusum
985 797 1120 835 denuo

210 860 328 899 latine
351 862 512 899 Plautus
532 873 623 899 cum
644 860 798 899 latranti
819 860 992 899 nomine.

149 938 188 970 35
210 938 329 964 senex
350 926 413 963 hie
435 924 595 963 maritus
616 924 767 963 habitat
782 939 792 972 ;
820 924 855 963 ei
876 933 934 964 est
955 924 1067 972 filius,

209 989 240 1028 is
261 1003 339 1028 una
359 1002 448 1028 cum
471 996 579 1040 patre
600 990 639 1027 in
660 989 782 1028 illisce
803 989 953 1028 habitat
973 989 1149 1028 aedibus.

207 1063 265 1094 est
285 1055 319 1094 ei
341 1055 502 1105 quidam
524 1068 658 1094 seruos
679 1054 746 1105 qui
767 1054 807 1093 in
829 1055 968 1094 morbo
989 1056 1118 1101 cubat,

209 1120 331 1158 immo
351 1121 481 1158 hercle
502 1133 596 1159 uero
617 1120 656 1158 in
677 1121 791 1167 lecto,
814 1133 864 1158 ne
884 1120 979 1170 quid
1001 1120 1190 1165 mentiar;

211 1185 242 1223 is
263 1198 408 1232 seruos,
431 1186 501 1224 sed
520 1185 666 1224 abhinc
687 1198 812 1224 annos
834 1187 978 1224 factum
1000 1193 1057 1224 est
1078 1185 1251 1224 sedecim

151 1263 194 1294 40
212 1263 332 1300 quom
353 1250 621 1301 conspicatust
642 1250 812 1300 primulo
831 1253 1064 1301 crepusculo

212 1317 381 1366 puellam
403 1316 557 1366 exponi.
615 1315 698 1354 adit
718 1317 916 1366 externplo
935 1317 985 1354 ad
1009 1316 1210 1354 mulierem

209 1394 311 1431 quae
332 1381 437 1419 illam
458 1381 693 1431 exponebat,
715 1388 798 1419 orat
820 1390 861 1418 ut
882 1394 968 1419 eam
990 1382 1056 1420 det
1078 1381 1150 1419 sibi
1169 1396 1175 1418 :

209 1454 352 1492 exorat,
374 1447 498 1485 aufert
515 1460 524 1493 ;
553 1445 694 1484 detulit
715 1454 820 1485 recta
840 1447 1016 1494 domum,

209 1513 276 1550 dat
297 1512 384 1550 erae'
406 1525 510 1558 suae,
533 1519 617 1550 orat
639 1519 680 1550 ut
701 1525 787 1550 eam
809 1520 928 1560 curet,
952 1514 1105 1552 educet.

149 1589 190 1620 45
210 1590 273 1616 era
290 1577 391 1623 fecit,
414 1577 598 1616 educauit
621 1590 762 1628 magna
783 1577 984 1625 industria,

209 1642 320 1692 quasi
342 1642 372 1680 si
394 1649 494 1681 esset
517 1659 562 1680 ex
583 1655 625 1681 se
646 1650 748 1689 nata,
771 1656 852 1681 non
875 1644 1000 1681 multo
1020 1655 1144 1682 secus.

210 1715 420 1757 postquam
441 1720 487 1745 ea
507 1707 682 1746 adoleuit
703 1709 753 1746 ad
775 1721 861 1746 eam
883 1715 1051 1746 aetatem
1074 1710 1114 1746 tit
1136 1706 1227 1746 uiris

210 1773 362 1821 placere
384 1780 526 1821 posset,
550 1785 635 1810 eam
658 1774 829 1822 puellam
851 1774 914 1811 hic
935 1786 1054 1811 senex

209 1844 314 1874 amat
335 1836 529 1882 ecflictim,
553 1837 590 1875 et
612 1836 703 1875 item
726 1845 861 1876 contra
882 1837 994 1876 filius.

148 1914 192 1945 50
211 1914 316 1939 nunc
337 1901 410 1939 sibi
432 1901 595 1951 ute'rque
615 1910 751 1940 contra
772 1902 944 1953 legiones
965 1910 1084 1952 parat,

210 1974 396 2015 paterque
419 1966 609 2016 filiusque,
633 1968 733 2005 clam
755 1969 850 2006 alter
869 1969 1033 2005 alterum
1052 1982 1058 2005 :

208 2039 316 2081 pater
335 2031 533 2080 adlegauit
555 2031 714 2070 uilicum
736 2032 802 2081 qui
825 2040 1003 2082 posceret

251 2144 292 2173 25
322 2138 394 2174 pos!
418 2135 460 2164 26
484 2135 592 2175 posui!
621 2134 755 2175 chpert
897 2145 936 2175 27
972 2136 1139 2165 neminem
1167 2140 1309 2175 poscunt
1334 2134 1400 2165 cod.
1423 2147 1429 2165 :
1462 2136 1535 2167 irai.

1362 2179 1404 2217 38
1420 2178 1535 2227 acqedit

207 2265 258 2303 (cs
277 2264 535 2304 adAmpl1.49)
666 2267 709 2304 46
732 2266 758 2294 si
785 2276 849 2296 om.
881 2265 914 2295 A
950 2266 1006 2305 giii.
1042 2267 1072 2302 ι)
1204 2276 1242 2304 47
1270 2275 1308 2295 ea
1334 2220 1537 2339 οἳῇ.1ῗ);ἐξιῖ

1378 2318 1415 2348 5¹
1482 2318 1532 2339 ius

210 2177 422 2208 Camerarius
498 2188 540 2216 30
564 2179 712 2209 comedia
729 2177 795 2209 cod.
812 2179 890 2218 (i.7)
965 2189 1006 2217 32
1031 2179 1200 2218 deiphilus
1217 2178 1282 2209 cod.

207 2221 239 2250 Α
341 2232 384 2260 40
407 2232 434 2252 e.
454 2227 503 2252 est
523 2222 629 2261 primo
648 2221 685 2260 P,
701 2221 788 2253 codd.
807 2222 902 2253 schol.
922 2222 1007 2252 Am.
1029 2233 1075 2259 ιο,
1088 2224 1152 2261 615
1166 2222 1203 2261 (ἦ.
1214 2223 1250 2261 8)

207 2317 238 2346 p.
259 2309 316 2348 49)
463 2310 506 2346 48
529 2306 595 2351 [at]
611 2318 683 2338 eam
705 2307 734 2338 P
750 2319 802 2338 mx
815 2319 843 2339 τι,
863 2310 920 2348 47)
1019 2309 1083 2339 illic
1109 2308 1234 2339 Ritsch!

207 2359 289 2391 tque
311 2352 343 2382 r'n
367 2361 472 2392 marg.
493 2352 607 2391 infime
622 2353 746 2384 versu-s)
764 2352 802 2385 Ι),
819 2353 906 2384 unde·
921 2353 1130 2394 alte-rumque
1149 2351 1199 2382 pn
1219 2352 1266 2383 «ii.
1282 2352 1317 2391 4)

1562 607 1607 643 30

1559 930 1602 967 35

1557 1257 1605 1290 4ο

1558 1587 1600 1624 45

1559 1911 1603 1947 50
