1727 2712
677 117 949 154 ASINARIA
1423 117 1477 154 ΙΙ.
1498 116 1512 152 i

147 224 224 263 iam
256 224 324 264 diu
351 232 409 263 est
436 225 583 263 facturn
615 238 737 274 quom
764 224 924 263 discesti
951 225 1002 263 ab
1029 238 1096 263 ero
1124 232 1243 274 atque
1270 224 1399 263 abiisti
1426 226 1478 264 ad

1336 292 1475 338 forum,

146 354 260 405 igitur
280 354 527 402 inueniundo
547 362 708 405 argento
729 361 772 392 ut
792 355 957 404 fingeres
978 354 1182 392 fallaciam.

146 419 200 458 ibi
221 428 262 458 tu
282 421 333 459 ad
353 421 430 458 hoc
450 419 527 458 diei
549 427 704 469 tempus
725 418 945 457 dormitasti
966 419 1006 457 in
1027 419 1118 457 otio.
1496 435 1514 467 5

145 484 240 534 quin
261 492 303 523 tu
323 498 392 535 aps
413 492 452 523 te
472 484 694 523 socordiam
715 498 875 523 omnem
897 483 999 522 reice
1020 492 1058 522 et
1079 484 1284 534 segnitiem
1305 498 1449 524 amoue

56 563 122 600 255
143 558 262 600 atque
282 551 333 588 ad
353 550 554 600 ingenium
576 557 689 588 uetus
710 556 914 587 uorsutum
937 557 974 587 te
995 549 1134 598 recipis
1155 551 1296 588 tuom?

142 629 255 653 serua
275 629 394 661 erum,
419 629 515 653 caue
536 616 578 653 tii
599 614 704 653 idem
726 614 822 652 faxis
842 613 906 652 alii
928 615 1037 664 quod
1058 614 1159 652 serui
1180 616 1319 661 solent,

141 681 210 730 qui
229 681 279 718 ad
300 680 354 718 eri
375 680 661 719 fraudationem
683 680 869 718 callidum
891 679 1093 730 ingenium
1114 687 1264 729 gerunt.

140 745 247 783 unde
276 747 458 783 sumam?
487 745 606 795 que'm
634 745 919 783 interuortam?
949 745 1029 795 quo
1056 745 1158 783 hanc
1179 746 1355 783 celocem
1383 758 1473 782 con-
1497 759 1534 780 10

1323 812 1442 848 feram
1458 813 1473 848 ?

142 873 395 924 impetritum‚
418 875 753 925 inauguratumst:
783 875 926 925 quouis
946 874 1161 914 admittunt
1181 889 1286 922 aues,

54 944 123 978 260
141 939 251 988 picus
272 947 309 978 et
330 940 465 978 cornix
484 941 534 978 ab
555 942 678 987 laeua,
702 954 857 988 coruos,
878 954 989 991 parra
1009 941 1059 979 ab
1080 942 1240 979 dextera

139 1006 411 1052 consuadent3
441 1013 590 1043 certum
612 1007 779 1044 herclest
800 1014 973 1044 uostram
995 1006 1186 1056 consequi
1207 1006 1456 1045 sententiam.

140 1071 210 1108 sed
226 1069 321 1119 quid
343 1071 419 1108 hoc
440 1072 549 1120 quod
570 1071 681 1121 picus
698 1073 850 1110 ulmum
872 1071 1032 1110 tundit?
1062 1073 1139 1110 hau
1160 1073 1457 1111 temerariumst.

139 1142 244 1173 certe
265 1136 395 1173 hercle
415 1149 488 1185 ego
509 1144 703 1186 quantum
725 1151 771 1175 ex
792 1137 955 1187 augurio
977 1136 1073 1175 eiius
1095 1137 1173 1187 pici
1193 1137 1389 1189 intellego,
1494 1151 1530 1183 15

139 1207 207 1237 aut
227 1199 323 1238 mihi
344 1200 383 1238 in
404 1202 556 1240 mundo
577 1209 667 1240 sunt
688 1201 819 1252 uirgae
848 1210 914 1240 aut
934 1201 1093 1240 atriensi
1113 1204 1293 1242 Saureae.

53 1270 118 1316 265
139 1266 209 1303 sed
230 1265 326 1315 quid
347 1265 439 1304 illuc
459 1268 568 1316 quod
589 1267 834 1305 exanimatus
855 1266 971 1305 currit
993 1269 1071 1305 buc
1093 1268 1301 1307 Leonida?

140 1337 275 1368 metuo
296 1344 419 1381 quom
440 1330 518 1370 illic
538 1332 794 1382 opscaeuauit
815 1346 926 1372 meae
947 1334 1065 1371 falsae
1086 1333 1272 1373 fallaciae.

517 1443 776 1481 LEONIDA
889 1445 1138 1482 LIBANVS
1491 1444 1520 1482 ii

139 1523 209 1560 LE.
233 1522 312 1561 Vbi
333 1537 407 1573 ego
428 1537 535 1562 nunc
558 1524 754 1562 Libanum
777 1525 972 1575 requiram
993 1534 1060 1564 aut
1080 1526 1310 1565 familiarem
1333 1527 1467 1574 filium,

138 1595 180 1625 ut
201 1601 274 1637 ego
294 1587 380 1626 illos
401 1588 641 1627 lubentiores
662 1590 803 1628 faciam
824 1604 943 1640 quam
966 1590 1229 1628 Lubentiast?

139 1666 360 1690 maxumam
383 1655 570 1703 praedam
592 1662 630 1692 et
651 1655 895 1705 triumphum
917 1655 948 1693 is
968 1657 1105 1694 adfero
1126 1657 1302 1694 aduentu
1324 1670 1423 1695 meo.

50 1732 120 1767 270
137 1719 299 1767 quando
320 1732 476 1756 mecum
497 1718 640 1768 pariter
660 1727 809 1768 potant,
833 1720 976 1770 pariter
996 1720 1155 1758 scortari
1176 1723 1315 1767 solent,

136 1783 238 1820 hanc
255 1782 417 1832 quidem
435 1797 553 1833 quam
571 1792 709 1822 nactus
731 1786 918 1833 praedam
936 1785 1078 1835 pariter
1094 1799 1183 1823 cum
1203 1785 1276 1824 illis
1292 1785 1466 1836 partiam.
1489 1800 1507 1832 5

136 1848 195 1885 L1.
228 1847 306 1886 illic
327 1849 449 1886 homo
469 1848 577 1887 aedis
599 1849 840 1900 compilauit‚
864 1864 972 1888 more
993 1850 1024 1888 si
1046 1851 1135 1889 fecit
1157 1864 1239 1889 suo.

135 1913 208 1952 uae
230 1914 284 1952 illi
305 1914 371 1964 qui
393 1923 473 1953 tam
495 1915 745 1966 indiligenter
765 1916 992 1966 opseruauit
1013 1915 1181 1954 ianuam.

136 1980 206 2017 LE.
238 1987 407 2018 aetatem
428 1980 548 2018 uelim
570 1981 725 2027 seruire,
750 1981 949 2019 Libanum
971 1989 1013 2019 ut
1034 1981 1270 2019 conueniam
1291 1983 1423 2021 modo.

49 2054 114 2090 275
137 2045 198 2083 L1.
230 2058 317 2083 mea
338 2045 500 2095 quidem
521 2047 653 2085 hercle
674 2047 772 2085 liber
792 2061 913 2097 opera
933 2061 1152 2097 numquam
1173 2049 1242 2085 fies
1263 2048 1384 2086 ocius.

178 2147 241 2176 252
265 2148 395 2168 versum
421 2137 478 2168 del.
509 2139 643 2169 Gm‘etzts
777 2149 837 2178 254
865 2140 963 2170 reicis
990 2145 1023 2170 et
1051 2140 1230 2179 segnitiem
1257 2150 1398 2171 amoues
1425 2141 1464 2180 (³)

136 2179 200 2210 Leo
288 2191 352 2220 259
375 2183 532 2212 amittunt
557 2182 621 2214 cod.
714 2185 780 2214 260
803 2184 846 2213 ab
866 2183 885 2214 l.
901 2183 1052 2214 Gm'elns:
1080 2189 1131 2214 est
1154 2185 1195 2213 ab
1213 2184 1231 2214 l.
1245 2183 1309 2214 cod.
1402 2185 1466 2213 262

135 2223 224 2254 haud
236 2224 323 2255 codd.
340 2225 513 2264 Nonz'i414
529 2237 536 2256 ε
555 2237 619 2255 non
633 2225 701 2256 cod.
813 2230 876 2265 263
899 2228 972 2257 eius
991 2228 1055 2266 pici
1078 2226 1172 2257 Get-t:
1189 2239 1195 2257 :
1218 2227 1359 2266 auspicii
1378 2226 1442 2258 cod.
1458 2239 1465 2258 t

133 2268 189 2297 vix
204 2270 260 2298 aut
277 2269 427 2308 auspicio
539 2271 603 2299 266
627 2280 668 2300 m.
686 2271 776 2308 quod
794 2271 859 2302 cod.
877 2282 884 2301 ε
910 2281 951 2301 m.
969 2281 1043 2300 cum
1064 2270 1150 2301 codd.
1166 2270 1270 2299 Nonii
1282 2272 1342 2308 146
1409 2271 1462 2300 obv

133 2312 307 2342 scaeuauit
332 2323 409 2342 corr.
430 2313 626 2342 obseruauit
650 2313 714 2344 cod.
736 2318 774 2344 ut
796 2314 859 2345 vid.
882 2314 1133 2350 (obscaeruauit
1157 2313 1246 2351 B¹E‚
1269 2314 1465 2344 obseruauit

134 2353 197 2391 3³)
319 2366 382 2394 274
407 2361 518 2386 aetate
536 2356 602 2387 cod.
694 2357 745 2397 ut]
763 2359 819 2397 qui
839 2357 927 2389 codd.
946 2357 1050 2388 Nom'i
1063 2367 1103 2395 72
1230 2367 1292 2396 275
1318 2358 1373 2388 vix
1390 2358 1464 2388 her-

135 2397 208 2427 cule
297 2399 329 2430 li.
348 2410 402 2438 op.
423 2399 525 2430 Reiz:
549 2411 602 2440 op.
622 2400 653 2431 li.
671 2400 737 2432 cod.

179 2451 298 2474 PLAvr.
317 2451 329 2472 ι
1354 2446 1374 2475 5
