1727 2702
108 104 177 141 IV.
199 104 244 140 ix
608 104 654 140 T.
688 103 868 142 MACCI
901 103 1104 141 PLAVTI

140 231 178 261 ²5
200 229 290 253 nam
313 215 364 253 illi
387 215 522 254 itidem
540 214 695 254 Vlixem
714 215 860 262 audiui,
879 223 922 254 ut
937 229 1010 266 ego
1029 229 1128 264 sum,
1147 215 1266 256 fuisse
1281 224 1319 256 et
1335 217 1527 256 audacem

1295 289 1333 321 et
1356 283 1527 320 malum:

196 346 297 385 dolis
336 346 409 396 ego
443 347 659 397 deprensus
693 327 875 402 suni,(ill’
907 346 1138 386 mendicans
1178 359 1304 398 paene
1342 346 1527 386 inuentus
1546 360 1617 396 950

1323 436 1345 453 x
1383 410 1526 459 interit,
1557 405 1597 470 s

195 479 290 515 dum
313 477 365 515 ibi
386 477 552 532 exquirit
573 478 650 516 sata
670 473 833 516 Iliorum
851 492 860 526 3
888 476 1118 516 adsimiliter
1138 477 1191 516 rni
1212 466 1377 516 hodieo
1409 471 1558 527 tigitf‘

195 541 351 580 uinctus
371 555 470 589 sum,
493 532 563 581 sed
583 542 685 582 dolis
707 556 769 581 me
790 542 916 582 exemi
933 558 940 581 :
971 542 1064 581 item
1081 555 1122 582 se
1144 543 1208 581 ille
1223 541 1395 581 seruauit
1410 541 1523 581 dolis.

250 606 324 645 Ilio
345 606 414 644 tria
435 606 554 646 fuisse
572 606 706 646 audiui
727 608 805 645 fata
825 620 927 657 quae
947 606 1001 645 illi
1021 608 1149 645 forent
1168 606 1308 646 exitio:

134 691 174 721 30
247 672 400 721 signum
423 686 468 710 ex
488 686 576 711 arce
597 672 626 710 si
649 672 824 723 periisset
839 687 850 720 3
877 674 1042 710 alterum
1063 671 1219 711 etiamst
1239 672 1361 711 Troili
1383 685 1511 721 mors;

247 738 412 784 tertium,
433 751 554 787 quom
569 745 704 787 portae
720 737 909 787 Phrygiae
924 736 1043 776 limen
1058 750 1243 787 superum
1257 733 1500 776 scinderetur
1516 752 1523 776 :
1543 749 1609 786 955

245 802 351 852 paria
372 802 465 840 item
487 802 558 840 tria
578 802 608 840 is
631 802 752 840 tribus
773 810 865 840 sunt
885 803 963 840 fata
983 809 1118 841 nostro
1139 802 1230 841 huic
1253 793 1338 841 llio.

191 881 282 905 nam
305 868 456 906 dudum
478 867 605 918 primo
627 875 669 906 ut
688 867 862 907 dixeram
885 875 1019 906 nostro
1035 867 1119 906 seni
1141 857 1393 909 mendacium

192 933 300 971 etde
326 932 480 983 hospite
507 939 546 971 et
575 934 625 972 de
654 946 749 971 auro
780 939 816 970 et
846 933 897 971 de
926 932 1071 979 lembo,
1094 931 1147 970 ibi
1177 931 1329 982 signum
1361 945 1407 970 ex
1434 945 1523 970 arce

1271 996 1346 1034 iam
1367 995 1523 1047 apstuli.

132 1075 172 1106 35
194 1062 269 1100 iam
292 1063 372 1101 duo
393 1062 591 1101 restabant
608 1063 685 1100 sata
706 1069 814 1110 tunc,
831 1075 904 1101 nec
925 1061 1047 1112 magis
1064 1061 1103 1101 id
1119 1074 1300 1112 ceperam
1317 1060 1522 1112 oppidum.

192 1135 280 1177 post
302 1128 368 1166 ubi
391 1127 552 1166 tabellas
573 1129 623 1166 ad
645 1141 781 1167 senem
802 1127 938 1175 detuli,
962 1127 1014 1166 ibi
1036 1126 1164 1167 occidi
1185 1126 1375 1174 Troilum,
1541 1130 1612 1174 960

190 1206 310 1242 quom
332 1192 484 1231 censuit
507 1192 800 1231 Mnesilochum
822 1206 913 1231 cum
934 1206 1054 1231 uxore
1074 1205 1159 1231 esse
1178 1192 1332 1231 dudum
1354 1191 1495 1230 militis.

189 1257 242 1296 ibi
265 1257 327 1296 uix
356 1271 417 1296 me
442 1257 615 1296 exsolui:
645 1265 764 1308 atque
790 1257 830 1297 id
858 1256 1048 1308 periclum
1074 1255 1272 1305 adsimilo,
1293 1255 1447 1294 Vlixem
1478 1263 1521 1294 ut

1295 1320 1522 1371 praedicant

243 1387 444 1437 cognitum
466 1387 515 1426 ab
539 1389 696 1426 Helena
711 1401 797 1426 esse
817 1387 1016 1437 proditum
1035 1387 1230 1426 Hecubae
1246 1401 1256 1435 ς
1284 1387 1353 1426 sed
1370 1394 1411 1425 ut
1427 1386 1521 1425 olim

1396 1451 1460 1491 ille
1479 1465 1522 1491 se

129 1538 172 1570 40
246 1517 444 1556 blanditiis
466 1517 608 1556 exemit
629 1525 666 1556 et
688 1517 877 1568 persuasit
897 1517 939 1556 se
960 1525 1001 1556 ut
1022 1517 1231 1566 amitteret,

191 1584 282 1622 item
305 1598 377 1634 ego
399 1583 498 1623 dolis
521 1597 583 1621 me
605 1583 670 1621 illo
691 1583 809 1622 extuli
830 1598 851 1622 e
873 1583 1020 1633 periclo
1041 1592 1079 1623 et
1099 1583 1238 1634 decepi
1259 1597 1406 1622 senem.
1539 1588 1606 1633 965

191 1649 301 1699 poste'
323 1663 412 1687 cum
436 1650 658 1698 magnusico
680 1648 811 1695 milite,
835 1648 942 1687 urbis
963 1649 1094 1688 uerbis
1110 1651 1178 1699 qui'
1199 1648 1370 1687 inermus
1390 1647 1505 1698 capit,

190 1714 346 1753 conflixi
363 1722 481 1764 atque
498 1714 699 1752 hominem
717 1714 867 1764 reppuli
885 1729 893 1762 ;
923 1714 1016 1754 dein
1033 1728 1204 1765 pugnarn
1222 1713 1402 1752 conserui
1419 1712 1518 1752 seni:

192 1794 281 1818 eum
302 1793 375 1830 ego
395 1781 496 1818 adeo
519 1793 597 1818 uno
620 1779 828 1818 mendacio
849 1780 989 1826 deuici,
1014 1793 1095 1819 uno
1115 1779 1194 1819 ictu
1215 1779 1440 1829 extempulo

129 1862 172 1894 45
460 1844 546 1895 cepi
568 1845 703 1895 spolia.
762 1845 792 1884 is
814 1861 919 1885 nunc
940 1848 1134 1886 ducentos

461 1924 644 1949 nummos
668 1911 870 1963 Philippos
893 1912 1015 1960 militi,
1038 1925 1138 1962 quos
1539 1916 1624 1960 969⁸

458 1977 550 2014 dare
571 1990 612 2015 se
633 1976 822 2027 promisit,
845 1977 965 2016 dabit.
1026 1990 1132 2015 nunc
1538 1990 1609 2026 970

231 2093 296 2121 949
335 2082 400 2112 illic
435 2083 516 2122 (pro
534 2081 589 2117 -1i;
630 2082 648 2113 i.
670 2082 704 2122 7)
734 2082 843 2113 eidem
880 2081 1027 2121 (locativo
1054 2081 1168 2111 casull
1195 2079 1308 2110 audiui
1335 2078 1457 2109 ulixem
1490 2077 1524 2109 Ρ

188 2136 253 2165 950
277 2136 421 2165 prensus
438 2126 470 2156 A
628 2135 690 2166 951
720 2125 849 2156 illorum
867 2124 955 2156 codd.
1102 2133 1167 2162 952
1193 2133 1245 2152 me
1263 2133 1328 2153 om.
1344 2121 1376 2152 P
1473 2121 1522 2152 vel

191 2168 234 2198 ill'
323 2180 387 2209 953
415 2170 491 2210 llio]
510 2170 554 2200 illi
573 2169 605 2199 A
700 2169 826 2209 forent]
847 2169 939 2199 suere
957 2168 989 2198 A
1094 2175 1158 2206 955
1184 2165 1269 2197 sorte
1287 2165 1320 2195 P
1406 2165 1517 2196 lumen

191 2212 222 2242 Λ
245 2214 302 2251 (vi,
322 2224 354 2253 p.
372 2215 428 2252 87)
560 2214 626 2252 956
651 2212 702 2243 his
720 2212 751 2241 A
846 2217 960 2242 nostra
977 2210 1056 2251 P(i‚
1074 2221 1105 2250 p.
1124 2210 1180 2249 27)
1314 2219 1378 2248 959
1402 2214 1471 2240 tum
1489 2207 1522 2239 P

190 2258 249 2295 961
279 2257 508 2289 mnesilochus
525 2257 568 2294 A,
587 2257 647 2296 qui
661 2257 693 2286 in
707 2256 764 2286 hoc
779 2266 808 2286 v.
830 2255 931 2295 deficit
995 2251 1002 2258 ⁶
1061 2255 1125 2293 963
1139 2253 1221 2293 fhrt.
1248 2253 1416 2292 proditum
1441 2262 1518 2283 esse

194 2300 290 2338 Hoc„
310 2301 395 2331 unde
401 2301 445 2340 fit
464 2300 560 2331 iamb.
585 2299 768 2330 octonarius
857 2298 936 2329 illim
961 2297 1098 2338 Sejgffert
1226 2297 1289 2336 964
1298 2296 1378 2335 sorr.
1396 2300 1432 2326 sc
1459 2295 1523 2333 (vel

191 2348 281 2375 scse'i
300 2346 345 2375 uti
377 2347 477 2376 amit..
512 2343 597 2374 uude
613 2344 658 2383 fit
682 2343 784 2374 iamb.
813 2342 996 2372 octonarius
1126 2341 1191 2380 965
1217 2340 1272 2370 ilio
1288 2339 1353 2370 cod.
1375 2339 1445 2378 tillo
1469 2338 1516 2370 Di

192 2388 296 2418 extuli
317 2387 472 2418 Dissald:
498 2387 612 2426 expuli
631 2385 694 2417 cod.
808 2396 826 2415 c
843 2396 908 2416 om.
924 2385 955 2415 Β
1107 2385 1172 2423 966
1194 2383 1244 2414 vel
1254 2382 1340 2423 post'
1453 2384 1516 2422 967

192 2432 332 2463 confixit
348 2430 412 2462 cod.
434 2433 524 2470 (cot-r.
546 2430 579 2460 in
596 2429 642 2470 B)
775 2429 840 2468 968
864 2439 938 2459 cum
955 2426 1019 2459 cod.
1042 2431 1132 2468 (corr.
1151 2427 1184 2457 in
1202 2426 1248 2466 Β)
