1727 2702
151 108 228 147 111.

194 365 233 388 20

133 786 199 823 I-V.
219 785 232 822 i

194 1599 232 1622 10

217 2123 233 2152 5
252 2103 326 2142 alia
348 2103 485 2142 mulier
506 2103 603 2143 istoc
626 2113 741 2155 pacto
762 2104 879 2152 dicat,
901 2104 1031 2144 dicam
1053 2118 1138 2143 esse
1159 2103 1316 2142 ebriam.

251 109 264 146 ί
672 111 718 148 T.
753 109 933 149 MACCI
965 109 1168 148 PLAVTI

253 218 320 258 ubi
341 219 442 266 estis,
466 218 598 258 serui?
626 219 823 259 occludite
843 219 952 259 aedis
973 219 1148 271 pessulis,
1172 218 1374 271 repagulis.

253 283 330 330 ibo,
354 283 455 323 hanc
475 297 549 334 ego
570 285 735 323 tetulero
755 284 855 323 intra
874 284 1148 323 limen—ME.
1181 284 1288 332 abiit,
1313 283 1473 335 apstulit
1597 287 1658 333 65·
1683 282 1699 328 ’ἐ

252 348 466 388 mulierem.
527 348 604 396 ibo,
627 363 838 400 persequar
861 349 938 388 iarn
969 349 1077 388 illum
1108 349 1220 397 intro,
1243 357 1285 388 ut
1315 351 1413 389 haec
1441 363 1488 388 ex
1518 363 1581 388 me

1484 414 1581 454 sciat

251 480 402 527 eadem,
425 479 479 519 sei
501 493 662 531 possum
683 480 936 531 tranquillum
957 481 1083 520 facere
1103 494 1150 520 ex
1170 479 1268 520 irato
1288 479 1394 519 mihi.

726 690 985 739 ACTVS
1040 692 1115 738 IV

495 787 796 823 LAMPADIO
908 787 1327 825 PHANOSTRATA

253 867 321 904 LA.
348 868 505 906 Nullam
523 880 596 917 ego
612 880 675 905 me
692 865 837 905 uidisse
858 867 977 905 credo
999 866 1121 917 magis
1141 880 1260 905 anum
1278 867 1577 908 excruciabilem

251 945 368 981 quam
383 931 494 971 illaec
508 939 582 970 est:
613 945 715 982 quae
729 931 881 970 dudum
895 932 1033 970 fassast
1048 930 1155 978 mihi,
1171 944 1325 982 quaene
1338 931 1480 971 infitias
1493 934 1579 972 eat?

252 997 321 1035 sed
342 1009 475 1035 eccam
497 1009 602 1035 eram
624 995 753 1035 uideo.
795 997 864 1035 sed
886 995 983 1046 quid
1003 997 1080 1035 hoc
1100 1003 1169 1043 est,
1189 996 1285 1035 haec
1305 997 1415 1047 quod
1430 996 1579 1036 cistella
1596 974 1678 1054 όςςξ
1718 1017 1720 1019 -

1395 1061 1460 1101 hic
1479 1061 1579 1101 iacet

252 1140 341 1165 cum
364 1127 618 1178 crepundiis?
647 1140 720 1166 nec
740 1140 982 1178 quemquam
1003 1126 1211 1179 conspicor
1230 1126 1380 1166 alium'
1371 1140 1411 1166 m
1431 1126 1505 1165 uia.
1667 1148 1676 1166 γ

251 1191 479 1231 faciundum
501 1200 558 1231 est
579 1191 727 1243 puerile
747 1191 919 1230 officium
938 1206 944 1230 :
974 1191 1272 1242 conquiniscam
1293 1192 1344 1230 ad
1364 1191 1555 1230 cistulam.

253 1259 325 1296 ΡΗ.
357 1257 454 1308 quid
492 1257 584 1308 agis,
627 1257 877 1308 Lampadio?
963 1259 1033 1296 LA.
1066 1259 1164 1297 haec
1203 1257 1352 1296 cistella
1390 1270 1578 1296 numnam

1031 1322 1124 1362 hinc
1144 1323 1194 1362 ab
1216 1322 1331 1362 nobis
1351 1323 1473 1362 domo
1493 1323 1580 1361 est?

251 1401 341 1426 nam
363 1387 454 1426 hinc
475 1387 526 1426 ab
546 1387 648 1427 ostio
669 1387 863 1426 iacentem
885 1387 1033 1426 sustuli.
1096 1389 1170 1426 ΡΗ.
1203 1387 1300 1438 quid
1321 1386 1477 1426 nuntias

250 1467 365 1504 super
384 1467 462 1492 anu
479 1455 495 1492 Ρ
552 1455 622 1492 LA.
655 1453 919 1493 scelestiorem
941 1453 980 1492 in
1001 1461 1100 1492 terra
1120 1454 1267 1492 nullam
1289 1467 1374 1492 esse
1393 1454 1553 1492 alteram
1570 1467 1580 1500 ;
1596 1457 1669 1494 660

251 1518 383 1557 omnia
404 1518 569 1557 infitiare
591 1518 678 1564 iam,
702 1531 804 1568 quae
824 1519 976 1557 dudum
999 1519 1179 1557 confessa
1199 1525 1257 1557 est
1278 1517 1383 1556 mihi.

252 1596 342 1621 nam
373 1584 503 1622 hercle
530 1596 603 1633 ego
629 1581 785 1635 (quam)
807 1582 912 1621 illam
939 1596 1059 1622 anum
1087 1582 1255 1622 inridere
1282 1595 1346 1621 me
1372 1590 1413 1620 ut
1440 1581 1578 1629 sinam,

1327 1647 1464 1686 satiust
1485 1647 1581 1686 mihi

250 1713 392 1763 quouis
412 1713 529 1752 exitio
550 1712 715 1752 interire.
776 1715 849 1751 ΡΗ.
881 1713 934 1761 di,
956 1726 1122 1764 opsecro
1141 1720 1314 1752 uostram
1335 1713 1509 1752 fidem—

254 1780 323 1817 LA.
355 1778 451 1829 quid
472 1779 568 1817 deos
589 1779 800 1829 opsecras?
859 1780 932 1817 ΡΗ.
965 1786 1118 1818 seruate
1138 1792 1222 1818 nos,
1283 1779 1352 1817 LA.
1377 1777 1473 1829 quid
1494 1779 1582 1818 est?

1262 1845 1335 1882 ΡΗ.
1366 1842 1581 1894 crepundia

252 1910 348 1948 haec
370 1917 470 1956 sunt,
489 1908 716 1959 quibu⁷cum
739 1917 779 1948 tu
800 1909 971 1948 extulisti
986 1917 1159 1949 nostram
1177 1908 1335 1949 filiolam
1355 1909 1406 1948 ad
1427 1922 1577 1947 necem.
1597 1916 1664 1963 665

253 1975 322 2012 LA.
356 1987 501 2012 sanane
535 1975 606 2012 es?
683 1976 755 2012 ΡΗ.
789 1975 886 2013 haec
925 1982 1015 2013 sunt
1050 1975 1235 2025 profecto.
1315 1975 1384 2012 LA.
1417 1972 1581 2024 pergin?

944 2042 1017 2078 ΡΗ.
1051 2041 1148 2078 haec
1169 2047 1269 2077 sunt.
1330 2039 1400 2077 LA.
1432 2037 1463 2077 si
1485 2036 1580 2077 mihi

295 2210 360 2247 650
384 2208 453 2249 ibo]
480 2208 555 2239 ilico
584 2208 707 2248 Ussing
846 2210 910 2248 652
935 2208 983 2238 sci
1003 2209 1097 2239 (corr.
1118 2207 1185 2245 set)
1205 2205 1270 2237 cod.
1291 2210 1328 2237 ut
1347 2205 1411 2238 vid.
1435 2206 1499 2246 (sic
1519 2205 1577 2245 13³,

253 2252 313 2282 sed
330 2251 443 2290 B¹VJ‚
461 2256 512 2282 set
529 2251 578 2282 vel
591 2251 634 2282 sit
652 2251 711 2286 ΙΨ)
845 2253 907 2291 657
933 2251 1181 2290 conquiniscam
1208 2253 1345 2280 testatur
1363 2249 1493 2280 Nonius
1515 2249 1555 2288 84
1573 2261 1580 2279 ε

252 2305 420 2334 quomque
440 2295 503 2325 mei
526 2295 627 2326 sciam
649 2294 714 2327 cod.
737 2296 814 2335 (pro
837 2295 1155 2334 quomqueneiscam
1170 2295 1195 2333 ἓ)
1328 2294 1388 2324 661
1422 2293 1581 2324 infitiatur

253 2338 355 2369 Pius:
378 2337 460 2376 sort.
490 2338 645 2369 infitiarei
746 2338 808 2369 iam
837 2338 981 2369 Srltoell:
1013 2347 1053 2368 ca
1079 2337 1144 2368 cod.
1279 2338 1343 2368 662
1371 2345 1470 2376 quam
1503 2335 1580 2367 add.

252 2381 387 2422 Seyffert
520 2383 583 2420 664
602 2391 662 2413 uos
678 2381 742 2413 cod.
764 2387 842 2421 (nos
853 2381 896 2421 J>
