1727 2712
568 92 945 131 CISTELLARIA
1390 91 1421 130 I.
1441 88 1455 127 i

91 201 122 240 si
145 215 207 240 me
227 208 392 252 apsente
413 201 730 240 Alcesimarchus
752 202 894 249 ueniet,
918 203 1043 243 nolito
1062 204 1202 243 acriter

91 282 182 306 eum
204 267 414 306 inclamare
432 283 438 305 ε
467 276 554 306 utut
570 281 660 318 erga
676 282 739 306 me
755 277 814 307 est
831 269 1001 316 meritus,
1021 269 1061 308 in
1077 262 1186 309 cordi
1202 276 1261 308 est
1278 276 1420 307 tamen.

8 344 74 371 110
91 334 172 379 sed,
195 332 348 378 amabo,
373 332 581 382 tranquille
598 348 605 370 :
635 347 685 371 ne
706 332 802 383 quid
823 335 932 383 quod
952 334 1007 372 illi
1026 336 1160 373 doleat
1174 333 1326 373 dixeris.

88 398 258 448 accipias
279 397 399 435 clauis
417 414 424 436 :
455 397 486 435 si
507 397 603 447 quid
625 397 696 436 tibi
715 411 816 448 opus
836 398 907 437 erit
927 400 1121 450 prompto,
1146 398 1326 450 promito.

87 477 161 514 ego
191 465 284 502 uolo
315 463 379 502 ire.
441 464 514 502 Gv.
551 470 594 501 ut
623 463 678 502 mi
707 463 886 502 exciuisti
914 465 1132 503 lacrumas!
1175 467 1265 504 SEL.
1302 466 1420 514 Gym-
1442 476 1502 500 110

1145 529 1299 568 nasium
1321 543 1418 576 mea,

90 595 193 634 bene
214 597 312 634 uale.
373 597 446 634 (ἓν.
475 609 566 635 cura
588 605 636 642 te,
660 597 816 634 amabo.
875 596 998 635 sicine
1018 596 1220 642 inmunda„
1245 608 1420 646 opsecro,

90 661 194 700 ibis?
250 665 339 701 SEL.
367 662 579 702 inmundas
596 664 772 701 fortunas
792 676 964 712 aequom
981 670 1039 700 est
1055 664 1276 712 squalorem
1298 660 1420 711 sequi.

7 737 68 774 115
91 728 166 765 Gv.
196 727 410 766 amiculum
432 729 509 766 hoc
541 730 704 767 sustolle
729 729 879 766 saltem.
939 729 1030 767 SEL.
1052 727 1138 766 sine
1167 727 1276 774 trahi,
1299 740 1421 777 quom

1102 800 1258 843 egomet
1278 792 1419 830 trahor.

90 858 163 895 Gv.
187 859 348 907 quando
369 857 422 896 ita
443 858 513 897 tibi
534 859 654 906 lubet,
673 860 762 897 uale
781 866 901 909 atque
920 860 1039 897 salue.
1100 860 1189 897 SEL.
1222 857 1253 895 si
1274 856 1420 908 possim

1235 923 1422 962 uelim*

90 990 163 1027 Gr.
196 989 392 1039 numquid
413 1003 476 1028 me
498 989 567 1035 uis,
592 998 726 1037 mater,
749 989 852 1028 intro
872 989 968 1040 quin
989 991 1108 1028 eam?
1135 997 1286 1028 ecastor
1307 987 1403 1026 mihi

89 1054 172 1093 uisa
191 1069 333 1093 amare.
394 1056 464 1093 LE.
498 1055 596 1093 istoc
617 1069 709 1105 ergo
728 1054 832 1093 auris
852 1055 1020 1105 grauiter
1040 1056 1222 1105 optundo
1242 1062 1341 1101 tuas,

86 1133 137 1159 ne
157 1134 276 1170 quem
296 1134 416 1159 ames.
475 1120 541 1159 abi
561 1120 674 1159 intro.
734 1122 807 1160 Gv.
831 1121 1027 1171 numquid
1048 1135 1112 1159 me
1133 1120 1221 1158 uis?
1278 1121 1348 1158 LE.
1378 1127 1420 1158 ut

956 1188 1099 1225 ualeas.
1158 1187 1232 1225 GY.
1264 1187 1419 1224 nale.—

674 1298 826 1335 LENA

4 1391 71 1419 120
90 1381 158 1418 LE.
196 1380 309 1418 Idem
330 1377 464 1417 mihist
484 1379 594 1428 quod
615 1392 781 1428 magnae
802 1379 900 1429 parti
922 1379 1061 1418 uitium
1084 1379 1290 1418 mulierum

86 1459 187 1496 quae
208 1446 316 1482 'nunc
336 1452 544 1494 quaestum
567 1443 731 1482 facimus
749 1459 755 1481 :
786 1458 888 1493 quae
909 1444 977 1483 ubi
999 1445 1222 1483 saburratae
1242 1458 1390 1491 sumus,

85 1510 324 1561 largiloquae
346 1510 545 1558 extemplo
566 1510 704 1554 sumu’,
728 1510 815 1558 plus
836 1509 1035 1559 loquimur
1055 1523 1174 1559 quam
1197 1517 1254 1548 sat
1275 1517 1345 1548 est.

84 1589 176 1614 narn
197 1574 314 1613 illanc
334 1586 407 1624 ego
428 1573 534 1620 olim,
558 1587 659 1623 quae
681 1573 773 1611 hinc
795 1575 893 1612 flens
913 1574 1019 1621 abiit,
1042 1575 1245 1624 paruolam

85 1642 256 1692 puellam
276 1638 492 1690 proiectam
514 1652 559 1676 ex
580 1638 788 1688 angiportu
809 1639 957 1677 sustuli.

4 1715 65 1754 125
85 1707 317 1744 adulescens
338 1704 500 1755 quidam
522 1704 586 1742 hic
607 1712 665 1742 est
687 1703 864 1754 adprime
884 1704 1028 1743 nobilis

85 1769 197 1824 [quin
218 1785 291 1822 ego
312 1785 418 1809 nunc
439 1770 531 1820 quia
551 1784 639 1808 sum
662 1778 803 1808 onusta
824 1783 912 1808 mea
932 1784 979 1808 ex
999 1770 1194 1809 sententia

84 1837 255 1888 quiaque
274 1838 376 1876 adeo
398 1851 461 1875 me
482 1836 681 1887 compleui
704 1838 798 1875 flore
820 1836 963 1883 Liberi,

85 1902 197 1953 magi'
217 1903 339 1942 libera
360 1902 417 1942 uti
437 1903 571 1953 lingua
592 1901 826 1940 conlibitum
849 1909 906 1939 est
927 1900 1035 1948 mihi,

131 2017 192 2046 109
216 2012 289 2038 utut
313 2007 476 2048 Pylades:
512 2013 546 2038 et
572 2013 606 2039 ut
633 2007 698 2039 cod.
802 2007 852 2038 vel
880 2007 958 2037 med
1066 2005 1116 2045 in]
1143 2005 1187 2035 mi
1209 2005 1420 2036 Camerarius

88 2060 143 2081 111
171 2051 288 2090 accipe
310 2051 372 2082 has
398 2050 537 2082 Mueller
625 2062 710 2092 opus
734 2051 791 2082 tibi
817 2051 955 2081 Mueller
1041 2049 1105 2079 erit
1124 2048 1198 2079 Ital.
1218 2060 1224 2078 :
1251 2048 1334 2089 [est]
1358 2049 1416 2079 erit

83 2093 146 2125 cod.
168 2095 227 2135 (iv.
244 2096 280 2134 3)
371 2100 527 2135 promptu
557 2095 622 2126 cod.
763 2105 824 2135 119
850 2105 961 2134 neque
982 2104 1077 2124 meas
1094 2092 1127 2122 P
1143 2095 1302 2132 (nequem
1328 2103 1419 2123 ames

79 2137 132 2178 J).
147 2138 180 2167 A
196 2150 228 2169 n.
244 2138 263 2169 l.
403 2149 463 2170 120
488 2140 577 2169 idern
591 2140 705 2170 mihist
715 2139 826 2179 q—A
843 2150 848 2170 :
869 2139 957 2169 idem
970 2138 1049 2168 mihi
1065 2147 1206 2176 magnae
1224 2137 1311 2174 quod
1331 2137 1417 2175 parti

82 2180 184 2211 estP
324 2192 381 2213 121
408 2193 499 2213 nunc
526 2194 556 2223 q.
584 2183 746 2214 faciemus
769 2183 803 2214 P
954 2193 1012 2213 122
1038 2180 1173 2222 sumus]
1200 2185 1233 2218 et
1257 2179 1290 2208 A
1320 2184 1363 2219 (v.
1388 2180 1418 2209 Ιχ)

85 2235 143 2264 124
172 2236 214 2255 ex
247 2225 305 2257 del.
340 2226 452 2266 Bothe,
488 2228 539 2256 eui
563 2224 707 2266 pfiEllam
736 2227 877 2268 displice!
1012 2236 1072 2265 125
1104 2236 1180 2255 cum
1218 2234 1322 2263 130-2
1347 2223 1416 2253 secl.

85 2266 368 2301 thr'scltnmnn.
401 2273 453 2299 ‘eo
478 2271 606 2300 consilio
624 2270 739 2301 adiecti
749 2274 831 2301 sunt
845 2274 882 2301 ut
898 2271 931 2301 A
937 2271 1033 2300 nxz‘lir'
1047 2271 1150 2300 oratio
1171 2268 1278 2298 omitti
1284 2267 1416 2308 posse!,'

82 2310 145 2342 Leo
241 2314 346 2352 126—9
362 2324 430 2345 om.
442 2314 488 2344 A.
538 2313 630 2344 Sunt
645 2313 855 2355 amplificat’o
866 2325 1025 2345 versuum
1040 2324 1101 2344 120
1114 2324 1160 2352 sq.
1265 2313 1324 2342 126
1340 2310 1418 2350 quia

80 2364 153 2386 sum
166 2363 286 2387 onusta
300 2357 512 2388 Camerarius
526 2369 532 2388 ε
557 2358 654 2397 quasi
671 2368 744 2389 sum
762 2358 907 2389 honesta
923 2358 989 2389 cod.
1130 2358 1190 2387 128
1215 2356 1262 2386 vel
1278 2366 1374 2394 mage

1445 999 1502 1031 115

1440 1292 1470 1329 ii
