1727 2712
712 88 941 128 CAPTIVI
1441 89 1494 127 II.
1514 88 1546 126 ii

78 199 146 235 260
166 209 293 247 neque
313 204 351 235 te
372 197 499 244 nobis,
521 198 555 236 si
573 198 761 236 abeamus
783 196 889 244 hinc,
909 196 940 235 si
961 198 1043 235 fuat
1062 197 1231 237 occasio.
1519 212 1558 234 10

165 263 244 299 HE.
277 269 319 300 ut
339 275 411 300 uos
432 262 506 309 hic,
529 262 666 301 itidem
687 261 741 300 illi
761 263 867 312 apud
888 276 960 301 uos
981 265 1081 301 meu'
1103 271 1280 302 seruatur
1299 263 1412 304 filius.

163 328 334 365 PfflLoc.
377 335 514 378 captus
546 329 634 366 est?
702 329 782 365 HE.
825 326 887 365 ita.
948 329 1119 367 PHILoc.
1164 343 1244 367 non
1276 328 1391 380 igitur
1421 342 1494 368 nos

1090 393 1162 431 soli
1184 394 1314 444 ignaui
1335 394 1490 434 fuimus.

163 458 243 496 HE.
276 459 417 496 secede
438 460 526 497 huc.
586 471 677 497 nam
699 466 790 496 sunt
810 472 856 497 ex
877 465 915 496 te
936 472 1038 508 quae
1056 461 1143 498 solo
1164 459 1292 498 scitari
1313 461 1416 498 uolo.

161 536 326 573 quarum
340 536 468 562 rerum
484 531 523 562 te
538 523 789 573 falsiloquom
806 523 859 561 mi
876 536 961 562 esse
977 526 1082 562 nolo.
1123 526 1295 563 PH1Loc.
1328 539 1408 563 non
1425 539 1492 565 ero

74 590 140 636 265
161 589 270 638 quod
290 588 422 627 sciam.
481 589 511 627 si
533 588 629 639 quid
650 588 810 635 nesciui,
832 588 873 626 id
894 588 1070 627 nescium
1092 591 1242 628 tradam
1264 590 1346 629 tibi.
1513 605 1553 638 15

160 654 232 692 Tv.
265 667 371 691 nunc
392 666 511 692 senex
531 660 589 692 est
610 653 649 691 in
670 653 844 700 tostrina,
867 667 972 692 nunc
991 653 1067 692 iam
1089 656 1233 693 cultros
1254 655 1415 694 adtinet.

160 731 210 756 ne
226 717 266 756 id
282 718 455 768 quidem,
471 717 674 757 inuoluere
687 717 845 766 inicere,
858 718 994 766 uoluit,
1011 726 1162 757 uestem
1177 727 1219 757 ut
1233 733 1282 758 ne
1298 720 1489 770 inquinet.

160 784 229 821 sed
250 790 380 821 utrum
401 782 617 822 strictimne
629 790 876 822 attonsurum
890 783 1019 821 dicam
1033 797 1118 822 esse
1138 797 1188 822 an
1210 798 1278 834 per
1294 785 1491 835 pectinem

160 847 294 886 nescio
312 862 322 895 ς
350 861 497 895 uerum,
521 848 553 886 si
573 848 717 898 frugist‚
741 861 866 898 usque
886 847 1136 887 admutilabit
1156 849 1291 899 probe.

72 923 142 958 270
161 914 241 950 HE.
274 912 370 963 quid
391 914 464 951 tu?
493 926 680 951 seruosne
695 926 781 951 esse
799 925 851 952 an
872 912 970 951 liber
990 913 1164 959 mauelis,
1184 927 1360 953 memora
1380 915 1487 953 mihi.
1510 930 1551 952 20

160 979 331 1017 PHILoc.
362 991 598 1029 proxumum
619 979 728 1028 quod
749 977 796 1016 sit
817 978 925 1016 bono
952 979 1141 1029 quodque
1169 991 1193 1017 a
1220 981 1324 1018 malo
1351 981 1491 1029 longis-

1133 1035 1136 1038 *
1367 1058 1488 1093 sume,

157 1109 197 1148 id
218 1111 310 1147 uolo
328 1124 338 1157 3
367 1122 608 1159 quamquam
630 1122 711 1146 non
732 1110 900 1147 multum
922 1108 993 1147 fuit
1015 1111 1181 1148 molesta
1202 1109 1380 1158 seruitus,

157 1188 230 1213 nec
251 1174 347 1212 mihi
368 1188 480 1213 secus
501 1182 581 1213 erat
601 1188 720 1224 quam
742 1173 773 1212 si
793 1187 919 1212 essem
941 1174 1139 1213 familiaris
1160 1174 1272 1213 filius.

157 1241 229 1278 ΤΥ.
262 1243 458 1290 eugepae!
488 1241 656 1278 Thalem
677 1240 826 1277 talento
846 1253 926 1277 non
947 1252 1076 1277 emam
1099 1239 1312 1288 Milesium,

71 1318 135 1355 275
157 1318 248 1343 nam
269 1306 320 1343 ad
341 1304 572 1355 sapientiam
592 1304 722 1342 huiius
742 1302 949 1355 (hominis)
968 1303 1112 1341 nimius
1133 1312 1298 1355 nugator
1318 1306 1399 1344 fuit.
1509 1322 1549 1354 25

158 1378 198 1408 ut
220 1371 344 1409 facete
365 1370 583 1408 orationem
604 1371 655 1408 ad
677 1369 905 1408 seruitutem
931 1369 1097 1408 contulit
1116 1373 1123 1408 ἔ

159 1437 239 1474 ΗΕ.
271 1449 351 1486 quo
371 1437 422 1474 de
441 1448 584 1486 genere
604 1442 736 1474 natust
753 1434 831 1473 illic
849 1434 1090 1474 Philocrates
1107 1437 1123 1474 ?
1181 1437 1352 1476 PfflLoc.
1377 1440 1488 1488 Poly-

1332 1503 1460 1553 plusio
1478 1519 1486 1542 ε

155 1568 263 1617 quod
283 1581 406 1617 genus
428 1567 480 1605 illi
502 1574 560 1606 est
581 1580 704 1605 unum
726 1567 878 1616 pollens
899 1573 1019 1617 atque
1039 1567 1411 1606 honoratissumum.

156 1634 235 1671 HE.
259 1633 355 1683 quid
377 1633 483 1682 ipsus
496 1632 590 1671 hic?
620 1646 700 1682 quo
721 1633 871 1671 honore
888 1631 1073 1670 estillic?
1122 1634 1292 1671 PH1Loc.
1316 1646 1483 1681 summo,

986 1704 1105 1747 atque
1125 1697 1176 1735 ab
1196 1698 1360 1736 summis
1380 1698 1482 1737 uiris.

68 1765 138 1799 280
158 1765 237 1802 HE.
270 1772 353 1802 tum
375 1764 489 1814 igitur
510 1764 543 1802 ei
565 1777 687 1813 quom
711 1763 775 1805 †in
797 1762 904 1801 Aleis
926 1766 1057 1801 tanta†
1078 1762 1200 1811 gratia
1224 1770 1292 1810 est,
1316 1770 1358 1801 ut
1378 1777 1484 1814 prae-
1504 1781 1546 1811 30

1362 1828 1480 1875 dicas,

153 1895 249 1945 quid
287 1895 459 1941 diuitiae,
497 1902 639 1932 suntne
672 1894 860 1944 opimae?
932 1896 1103 1931 Pmroc.
1151 1895 1256 1931 unde
1291 1901 1483 1943 excoquat

1193 1959 1330 1996 sebum
1353 1972 1480 1997 senex.

195 2067 258 2104 263
282 2076 367 2105 quae
391 2076 433 2096 ex
451 2072 484 2096 te
503 2064 568 2096 cod,
590 2077 596 2095 ε
634 2066 707 2096 trai.
728 2065 941 2096 Camerarius
961 2065 1008 2105 (p.
1032 2064 1107 2103 115)
1257 2065 1319 2102 265
1346 2063 1483 2094 nescibo

150 2109 322 2140 Acidalius
486 2111 551 2139 266
575 2109 682 2140 cultro
707 2119 745 2140 os
773 2108 906 2149 Sfyffert
1060 2109 1124 2147 269
1148 2107 1390 2137 admutilalabit
1418 2108 1482 2139 cod.

151 2163 213 2191 274
238 2163 323 2191 euge
341 2153 486 2192 petalem
506 2152 606 2189 (unde
623 2162 707 2191 euge
729 2152 873 2192 potalem
895 2152 962 2185 PE)
976 2151 1040 2183 cod.
1131 2151 1284 2181 tanlento
1304 2154 1397 2188 (cort.
1414 2150 1481 2190 PE)

151 2195 216 2227 cod.
352 2206 414 2235 275
440 2196 586 2227 hominis
614 2195 689 2226 add.
713 2194 882 2236 Niemeyer
909 2196 968 2234 (iii,
996 2206 1016 2234 p
1045 2195 1126 2233 513:
1159 2193 1338 2235 (nimiam)
1357 2193 1485 2225 Schoell

153 2249 216 2277 279
238 2239 288 2269 vel
302 2240 345 2270 illi
438 2240 502 2270 280
525 2238 581 2269 del.
606 2238 730 2279 Ussing
796 2240 827 2269 in
846 2239 886 2269 A.
900 2245 966 2269 tam
979 2238 1159 2277 Nt'emeyer,
1179 2241 1279 2266 metro
1295 2238 1480 2269 consulens:

153 2283 186 2312 in
204 2283 270 2313 illis
286 2288 378 2314 tanta
395 2282 478 2313 Brix
546 2283 602 2312 vix
615 2287 708 2313 tanta
725 2292 756 2322 g.
774 2282 807 2312 in
825 2282 920 2313 Aleis
1009 2282 1068 2313 281
1096 2280 1229 2322 opimae
1249 2280 1481 2313 Camerarius:

153 2331 290 2368 optume
305 2326 369 2357 cod.
389 2327 432 2367 (v.
457 2327 511 2368 12)
