1727 2712
632 74 989 113 MENAECHMI
1423 75 1471 111 V.
1493 72 1524 110 ii

148 184 260 222 MEN.
283 184 380 235 quid
396 183 492 223 mihi
509 184 666 223 meliust
685 198 817 235 quam,
835 185 998 235 quando
1020 184 1073 222 illi
1094 198 1157 222 me
1178 183 1347 222 insanire
1368 197 1474 233 prae-

1326 248 1472 295 dicant,

147 327 220 364 ego
241 315 331 353 med
351 314 586 352 adsimulem
608 315 788 361 insanire,
811 323 854 353 ut
874 315 960 353 illos
981 329 1003 353 a
1024 329 1087 353 me
1107 323 1342 365 apsterream
1359 316 1376 352 ?
1493 323 1534 354 80

148 381 232 418 MA.
264 387 306 417 ut
325 379 584 429 pandiculans
605 380 814 419 oscitatur!
853 380 949 431 quid
970 395 1075 419 nunc
1096 381 1247 428 faciam,
1264 380 1317 417 mi
1337 381 1475 429 pater?

147 445 210 483 SE.
234 446 409 483 concede
425 446 514 492 huc,
532 459 621 484 mea
641 453 746 493 nata,
760 447 811 484 ab
832 445 930 484 istoc
944 459 1063 496 quam
1078 453 1207 496 potest
1221 445 1471 495 longissume.

61 511 125 556 835
147 511 262 548 MEN.
294 511 422 548 euhoe
450 517 569 560 atque
595 511 736 558 euhoe,
769 511 938 560 Bromie,
967 524 1048 561 quo
1081 524 1145 549 rne
1174 510 1214 548 in
1244 510 1383 549 siluam
1413 523 1476 548 ue-

1168 582 1304 613 natum
1325 587 1444 613 uocas
1461 577 1477 613 Ρ

145 640 274 687 audio,
298 641 368 678 sed
388 653 469 678 non
490 640 597 678 abire
618 653 779 690 possum
801 641 852 679 ab
873 641 933 679 his
954 640 1190 691 regionibus,

145 705 198 743 ita
217 705 282 743 illa
302 718 365 743 me
385 705 434 743 ab
456 707 568 743 laeua
588 705 742 744 rabiosa
761 705 908 744 femina
927 708 1109 744 adseruat
1130 719 1257 753 canes,
1493 709 1535 751 85

145 778 258 822 poste
277 778 409 809 autem
431 771 538 809 illinc
559 771 689 809 hircus
711 773 854 818 †alus†‚
878 771 945 821 qui
967 785 1083 821 saepe
1103 779 1230 810 aetate
1250 771 1290 809 in
1311 784 1380 809 sua

146 836 317 887 perdidit
337 836 465 875 ciuem
486 836 740 875 innocentem
762 838 860 874 falso
881 836 1119 875 testimonio.

59 902 128 945 840
146 903 209 940 SE.
242 914 315 940 uae
346 901 464 952 capiti
496 909 564 939 tuo
582 904 588 939 1
666 903 781 940 MEN.
815 915 918 950 ecce,
952 903 1099 952 Apollo
1134 901 1230 939 mihi
1264 915 1310 940 ex
1344 902 1474 939 oraclo

1310 965 1474 1015 imperat

143 1039 185 1070 ut
205 1045 278 1082 ego
299 1031 376 1070 illic
397 1033 534 1070 oculos
555 1045 713 1070 exuram
734 1030 1021 1084 lampadi[bu]s
1041 1031 1280 1071 ardentibus.

145 1100 228 1135 MA.
261 1097 356 1147 perii
374 1100 380 1135 1
429 1097 482 1135 mi
503 1106 622 1147 pater,
647 1097 817 1135 minatur
838 1097 934 1135 mihi
955 1099 1091 1136 oculos
1113 1110 1281 1135 exurere.
1491 1113 1535 1145 90

144 1164 259 1200 ΜΕΝ.
293 1163 327 1201 ei
350 1162 445 1200 mihi
463 1166 469 1201 ἒ
501 1163 670 1201 insanire
687 1177 750 1201 me
770 1163 891 1210 aiunt,
910 1164 1012 1201 ultro
1028 1176 1148 1212 quom
1166 1162 1239 1211 ipsi
1260 1161 1472 1199 insaniunt.

144 1229 207 1266 SE.
241 1228 332 1276 filia,
359 1230 457 1267 heus
474 1231 480 1266 1
540 1230 625 1266 MA.
658 1228 754 1278 quid
785 1229 875 1267 est?
929 1229 993 1266 SE.
1024 1226 1120 1276 quid
1150 1226 1330 1275 agimus?
1379 1226 1475 1276 quid

971 1293 1002 1331 si
1022 1306 1095 1343 ego
1116 1294 1193 1330 huc
1215 1305 1348 1331 seruos
1369 1292 1476 1331 cito?

60 1361 124 1406 845
145 1358 223 1406 ibo,
245 1359 442 1397 abducam
464 1358 531 1408 qui
553 1360 659 1397 hunc
679 1358 771 1396 hinc
792 1359 931 1396 tollant
951 1349 989 1396 et
1010 1356 1119 1396 domi
1140 1356 1368 1395 deuinciant

144 1424 240 1475 priu’
280 1437 400 1474 quam
434 1424 636 1462 turbarum
672 1423 769 1473 quid
808 1422 924 1461 faciat
962 1421 1141 1472 amplius,
1221 1423 1336 1460 MEN.
1368 1422 1474 1460 enim

1304 1487 1446 1525 haereo
1464 1502 1475 1535 3

142 1556 182 1594 ni
217 1569 370 1606 occupo
404 1555 554 1606 aliquid
589 1555 684 1593 mihi
717 1554 938 1601 consilium,
973 1555 1014 1592 hi
1048 1555 1214 1592 domum
1249 1566 1312 1591 me
1345 1553 1396 1591 ad
1431 1566 1472 1591 se
1491 1567 1532 1599 95

1282 1619 1470 1656 auferent.

141 1687 281 1738 pugnis
303 1701 366 1725 me
386 1694 499 1725 uotas
520 1686 559 1724 in
580 1686 711 1724 huiius
732 1699 798 1724 ore
819 1685 1032 1735 quicquam
1054 1697 1222 1734 parcere,

141 1751 205 1789 nei
225 1765 247 1789 a
268 1751 364 1789 meis
386 1751 509 1789 oculis
530 1752 718 1801 apscedat
739 1750 778 1788 in
800 1751 944 1787 malam
967 1762 1149 1799 magnam
1173 1761 1340 1786 crucem.

55 1821 124 1865 850
141 1816 282 1855 faciam
321 1818 430 1866 quod
469 1816 592 1863 iubes,
627 1817 783 1866 Apollo.
855 1816 920 1853 SE.
956 1816 1046 1864 fuge
1081 1815 1245 1852 domum
1281 1820 1473 1862 quantum

1332 1885 1473 1928 potest,

185 1988 248 2027 832
273 1998 337 2026 ego
357 1998 409 2018 me
430 1988 488 2027 (ita
507 1986 591 2027 cod.)
609 1986 688 2029 (ut)
705 1986 831 2017 Ritschl
963 1987 1025 2024 834
1052 1988 1164 2024 potest
1189 1993 1266 2013 corr.
1291 1987 1387 2021 potes
1404 1982 1469 2013 cod.

141 2035 177 2061 ut
192 2031 255 2063 vid.
356 2032 420 2070 835
445 2032 554 2062 euhoe
568 2037 670 2070 atque
684 2032 794 2061 euhoe
810 2030 924 2069 scripsi
940 2030 991 2069 (cf
1013 2028 1060 2059 ad
1075 2028 1147 2058 Cas.
1164 2026 1241 2067 727)
1259 2038 1265 2057 z
1289 2026 1366 2056 eubi
1380 2026 1471 2065 (eum

139 2074 203 2111 B¹)
229 2079 331 2114 atque
357 2075 422 2105 heu
449 2075 537 2107 cod.:
565 2076 687 2113 euhoe,
714 2074 857 2105 Bacche.
888 2073 1017 2103 Richter
1157 2071 1221 2109 838
1245 2074 1321 2109 post
1345 2074 1378 2099 te
1403 2069 1467 2100 cod.

139 2118 185 2148 illi
203 2120 293 2149 circo
309 2119 400 2150 salus
416 2119 481 2149 cod.
500 2131 507 2149 :
531 2129 608 2149 corr.
626 2118 810 2149 Beroaldus
899 2118 1014 2147 caluus
1031 2114 1175 2148 Mueller.
1192 2114 1250 2144 sed
1252 2115 1334 2153 soli.
1352 2113 1424 2143 alus
1438 2113 1475 2143 id

139 2163 226 2201 quod
243 2163 379 2193 ‘olens’
397 2162 448 2202 (cs.
460 2165 467 2179 ‘
483 2162 583 2192 alium
596 2164 620 2203 ³)
722 2164 786 2201 840
803 2173 846 2192 ex
859 2161 971 2192 oraclo
989 2161 1033 2190 mi
1048 2159 1178 2197 Rz'lsclzl,
1198 2169 1279 2188 nam
1298 2157 1379 2187 mihi
1401 2156 1406 2196 1
1427 2167 1470 2187 ex

138 2205 278 2245 displicet
366 2206 512 2245 imperas
530 2207 667 2246 Langen
780 2207 844 2245 843
869 2206 941 2244 ipse
955 2204 1020 2235 cod.
1034 2205 1045 2243 ζ
1052 2206 1059 2227 2
1067 2209 1127 2243 pro
1146 2203 1240 2242 ipsei,
1253 2213 1317 2241 seq.
1333 2201 1357 2230 i‘*
1373 2202 1467 2237 (corr.

137 2247 199 2288 32)
311 2251 373 2289 847
392 2251 525 2289 aliquod
543 2250 602 2280 alii
709 2250 773 2288 849
797 2250 829 2279 ni
846 2260 865 2279 a
883 2249 967 2278 meis
990 2247 1110 2276 Vahlen
1129 2250 1157 2276 et
1171 2245 1282 2276 eadem
1301 2249 1337 2275 ut
1351 2244 1414 2275 vid.
1435 2244 1469 2274 e'n

137 2293 202 2324 cod.
223 2293 280 2323 sed
293 2294 553 2332 antiquaforma
571 2294 625 2324 nei
643 2304 660 2323 a
679 2294 754 2323 miis
767 2294 825 2329 (ne
843 2292 906 2323 iam
918 2292 969 2321 his
981 2290 1042 2325 B‘2)
1125 2291 1156 2320 in
1176 2300 1331 2328 magnam
1350 2287 1469 2321 malam

137 2346 270 2369 erucem
287 2336 527 2369 Sonnenschein
