1727 2702
146 143 187 182 11
222 144 251 181 ii
423 195 426 197 ,
641 143 689 180 T.
722 140 902 180 MACCI
934 140 1138 178 PLAVT1

223 263 328 295 certe
347 255 453 294 enim
476 255 567 293 med
589 252 642 292 illi
663 259 911 303 expectatum
934 258 1071 302 optato
1091 257 1300 290 uenturum
1321 249 1414 290 scio.

223 325 288 360 So,
321 321 441 371 quid?
471 334 533 358 me
554 332 634 358 non
657 332 738 357 rere
755 324 1003 368 expectatum
1019 315 1170 355 amicae
1191 323 1400 355 uenturum
1418 315 1552 354 meae?

163 399 204 429 30
224 389 297 426 AL.
334 387 436 424 meu'
468 384 526 423 uir
560 382 789 434 hicquidem
821 390 890 421 est.
965 383 1049 420 AM.
1085 393 1248 431 sequere
1287 382 1360 419 hac
1398 387 1439 419 tu
1475 393 1549 418 rne.
1570 379 1643 416 660

939 449 1012 485 AL.
1045 459 1136 484 narn
1158 445 1254 496 quid
1276 445 1326 484 ill’
1346 445 1554 484 reuortitur

222 517 289 569 qui
310 518 462 556 dudum
485 527 692 566 properare
709 511 829 566 se[se]
851 511 987 551 aibat?
1016 511 1064 549 z‘m
1087 511 1150 550 ille
1168 524 1230 550 me
1245 517 1411 560 temptat
1427 509 1554 548 sciens

222 590 340 633 atque
362 581 401 620 id
422 594 463 620 se
484 581 568 619 uolt
588 578 766 630 experiri,
786 590 900 616 suom
922 576 1073 615 abitum
1096 583 1138 614 ut
1158 574 1409 614 desiderem?

223 654 374 687 ecastor
395 647 485 684 med
507 646 613 683 haud
635 644 758 683 inuita
778 656 820 682 se
840 645 1005 682 domum
1028 640 1165 691 recipit
1185 653 1307 678 suam.

223 714 288 752 So.
321 711 570 762 Amphitruo,
602 709 727 749 redire
760 710 812 748 ad
847 721 989 747 nauem
1027 706 1183 745 meliust
1212 719 1296 744 nOS.
1364 707 1445 744 ΑΜ.
1478 719 1555 756 qua

1406 770 1556 821 gratia?

164 857 204 888 35
225 845 291 882 So.
322 841 413 892 quia
433 841 543 880 domi
564 841 726 879 daturus
747 852 866 878 nemo
886 846 944 877 est
965 837 1175 888 prandium
1195 835 1511 874 aduenientibus.
1573 838 1639 883 665

224 910 307 947 ΑΜ.
339 907 406 958 qui
428 906 499 946 tibi
520 919 626 945 nunc
647 905 747 944 istuc
768 904 807 943 in
835 904 1076 943 mentemst?
1133 903 1198 940 So.
1231 900 1322 951 quia
1342 900 1447 939 enirn
1469 913 1554 938 sero

1307 965 1552 1005 aduenimus.

225 1040 308 1078 AM.
339 1037 437 1088 qui?
493 1038 558 1076 So.
590 1036 683 1087 quia
703 1037 966 1075 Alcumenam
995 1041 1088 1072 ante
1116 1032 1226 1072 aedis
1255 1039 1357 1071 stare
1386 1038 1555 1070 saturam

1360 1096 1554 1146 intellego.

226 1172 309 1209 ΑΜ.
341 1168 544 1220 grauidam
579 1181 654 1218 ego
683 1167 799 1206 illanc
834 1166 898 1205 hic
928 1165 1065 1216 reliqui
1101 1177 1223 1215 quom
1253 1165 1365 1203 abeo.
1425 1164 1490 1202 So.
1523 1163 1559 1201 ei

1312 1228 1407 1279 perii
1428 1228 1556 1266 miser.

225 1303 307 1339 ΑΜ.
340 1299 436 1351 quid
467 1299 537 1338 tibi
572 1300 661 1338 est?
727 1299 792 1336 So.
824 1298 875 1336 ad
903 1309 1048 1346 aquam
1084 1296 1350 1346 praebendam
1384 1306 1557 1332 commo-

1093 1362 1189 1399 dum
1210 1360 1356 1399 adueni
1377 1360 1554 1406 domum,

163 1448 207 1481 40
226 1432 398 1470 decumo
418 1437 506 1480 post
529 1442 674 1475 mense,
698 1435 740 1466 ut
760 1427 950 1466 rationem
973 1434 1011 1465 te
1031 1426 1179 1464 dictare
1200 1425 1396 1475 intellego.
1573 1422 1646 1466 670

228 1498 309 1534 ΑΜ.
343 1496 450 1533 bono
473 1494 609 1532 animo
636 1507 687 1531 es.
747 1494 813 1531 So.
845 1491 928 1530 scin
954 1504 1073 1541 quam
1101 1491 1208 1529 bono
1229 1490 1362 1529 animo
1389 1491 1493 1529 sim?
1526 1489 1556 1527 si

1225 1557 1381 1596 situlam
1403 1569 1556 1607 cepero,

227 1635 447 1673 numquam
477 1623 620 1672 edepol
652 1630 692 1660 tu
721 1621 816 1660 mihi
842 1620 968 1661 diuini
1003 1619 1256 1673 [quicquam]
1286 1622 1441 1659 creduis
1469 1628 1556 1670 post

1312 1688 1416 1724 hunc
1437 1685 1554 1731 diem,

224 1754 264 1791 ni
285 1766 358 1803 ego
378 1751 431 1790 illi
454 1759 584 1802 puteo,
609 1750 640 1788 si
661 1763 844 1801 occepso,
867 1751 1040 1789 dnimam
1062 1764 1222 1790 omnem
1245 1751 1507 1789 intertraxero.

225 1820 306 1856 ΑΜ.
340 1830 503 1867 sequere
525 1817 599 1854 hac
622 1829 684 1854 me
708 1818 829 1856 modo
846 1831 855 1863 3
885 1816 1004 1855 alium
1027 1829 1101 1866 ego
1121 1816 1182 1854 isti
1208 1816 1260 1854 rei
1281 1816 1485 1866 adlegabo,
1508 1829 1558 1854 ne

1450 1881 1554 1920 time.

163 1963 204 1995 45
227 1950 301 1987 AL.
334 1947 446 1998 magi'
477 1961 583 1986 nunc
612 1946 714 2000 <me>
743 1962 875 1988 meum
907 1948 1079 1988 officium
1118 1949 1254 1995 facere,
1287 1948 1316 1987 si
1348 1948 1439 1987 huic
1469 1961 1554 1986 eam
1574 1948 1642 1995 675

1133 2015 1358 2061 aduorsum,
1381 2013 1554 2051 arbitror.

267 2120 332 2150 662
356 2131 392 2150 se
421 2121 618 2151 Art'daln‘us:
645 2121 672 2150 si
698 2118 765 2150 cod.
900 2119 966 2149 666
990 2123 1171 2149 mentemst
1198 2116 1429 2148 Lsndemmm:
1466 2128 1555 2148 men-

225 2168 291 2194 tem
310 2164 405 2194 uenit
424 2165 489 2196 cod.
512 2172 556 2203 (ἣν.
580 2164 611 2204 ι)
719 2163 778 2193 tibi
806 2163 842 2194 is.
873 2163 904 2192 in
932 2173 972 2193 m.
1002 2172 1032 2193 u.
1054 2161 1126 2202 (del.
1153 2161 1256 2200 nunc)
1275 2160 1412 2200 Pylades
1499 2162 1556 2200 qui

226 2208 315 2237 enim
331 2208 407 2247 (pro
422 2209 607 2247 quiaenim)
621 2206 688 2238 cod.
757 2207 821 2237 668
845 2216 946 2245 quom
961 2206 1034 2237 ltal.
1053 2217 1059 2236 :
1082 2215 1182 2245 quam
1196 2204 1260 2235 cod.
1329 2206 1394 2244 670
1418 2205 1556 2235 ductare

226 2249 413 2281 Lambinus
431 2264 437 2282 :
472 2256 591 2292 putare
628 2250 752 2290 Ussing
896 2250 954 2285 671
995 2249 1127 2280 situlam
1155 2248 1384 2278 Camerarius:
1422 2248 1555 2278 situlam

227 2295 289 2325 ium
311 2294 377 2325 cod.
402 2296 460 2333 (iv.
483 2296 519 2335 4)
1318 2293 1382 2331 672
1413 2292 1468 2322 vix
1485 2290 1553 2322 dini

226 2340 404 2379 quicquam
432 2339 489 2370 del.
519 2338 637 2373 Botlw;
662 2337 698 2377 cs,
718 2336 855 2366 Redslob
873 2336 972 2367 (Bal.
992 2335 1076 2367 I'ln'l.
1100 2334 1206 2366 Woch.
1225 2345 1277 2370 22„
1295 2336 1372 2374 5535v
1493 2338 1556 2373 673

227 2389 368 2422 occepto
387 2383 453 2414 cod.
474 2383 506 2412 ‹i.
530 2386 564 2421 7)
582 2393 589 2412 ε
617 2384 753 2411 testatur
771 2389 917 2418 occepso
934 2379 1065 2409 Nouius
1086 2379 1154 2416 148.
1174 2379 1249 2408 ilrm
1267 2389 1331 2416 4¹0
1491 2380 1554 2417 674

227 2427 370 2465 alligabo
387 2426 451 2456 cml.
577 2425 641 2464 675
666 2434 718 2455 me
735 2423 811 2455 add.
833 2421 1042 2454 Lindemann
1148 2422 1258 2452 facere
1276 2423 1301 2452 si
1321 2422 1531 2454 Camerarius
1546 2432 1554 2453 ε

229 2470 358 2504 faceres
376 2469 439 2500 cod.
