1727 2712
629 105 920 144 CVRCVLIO
1368 105 1435 142 IV.
1456 104 1486 141 ii

108 217 178 253 Lv.
212 217 438 261 Summane,
456 214 653 264 numquid
673 213 858 252 nunciam
881 227 943 252 me
964 214 1053 252 uis?
1110 215 1181 254 Cv.
1215 215 1302 252 uale
1321 221 1440 264 atque

1319 280 1438 326 salue,

107 359 198 383 nam
221 346 259 383 et
278 358 439 394 operam
460 352 498 383 et
519 344 729 394 pecuniam
751 343 920 394 benigne
941 344 1164 394 praebuisti.

109 411 178 447 Lv.
210 411 376 447 salutem
398 411 561 447 multam
582 408 705 447 dicito
725 416 901 458 patrono.
963 410 1034 448 CV.
1067 409 1327 449 nuntiabo.—

24 486 86 523 525
109 476 178 512 Lv.
210 474 405 525 numquid
434 474 505 521 uis,
535 476 655 513 leno?
712 475 784 513 CA.
817 473 909 512 istas
940 474 1066 512 minas
1096 476 1247 521 decem,
1279 475 1346 525 qui
1377 489 1439 513 me

1219 554 1437 591 procurem,

105 605 202 642 dum
220 603 358 643 melius
379 603 428 642 sit
448 603 513 651 mi,
532 606 613 643 des.
665 606 734 642 Lv.
758 605 967 650 dabuntur,
991 618 1074 644 cras
1095 605 1175 655 peti
1196 605 1399 644 iubeto—
1458 621 1500 651 40

107 670 179 708 CA.
211 670 372 718 quando
394 669 496 707 bene
515 669 617 718 gessi
637 683 729 715 rem,
754 671 847 707 uolo
868 669 931 707 hic
952 669 991 707 in
1012 671 1104 708 fano
1125 670 1355 720 supplicare.

106 747 198 771 nam
220 733 325 771 illam
346 733 462 772 minis
483 734 577 771 olim
598 734 737 772 decem
759 735 930 784 puellam
952 736 1154 784 paruolam
1176 735 1265 782 emi,

107 800 178 837 sed
199 813 289 837 eum
310 798 377 848 qui
399 799 495 836 mihi
517 799 623 837 illam
644 799 826 838 uendidit
847 813 1065 850 numquam
1087 800 1244 850 postilla
1264 800 1370 848 uidi;

23 878 90 914 530
107 863 266 913 periisse
285 866 415 903 credo.
472 864 569 914 quid
590 864 631 903 id
647 878 736 902 mea
756 866 899 903 refert?
929 878 1002 915 ego
1017 873 1221 915 argentum
1243 866 1382 904 habeo.

107 928 200 979 quoi
221 929 372 967 homini
392 929 432 968 di
453 937 545 968 sunt
565 929 734 980 propitii,
753 931 905 968 lucrum
927 929 963 969 ei
982 932 1160 980 profecto
1181 931 1369 970 obiciunt.
1458 943 1496 974 45

104 1007 213 1033 nunc
233 993 287 1033 rei
307 994 466 1034 diuinae
486 1009 648 1045 operam
669 995 786 1034 dabo.
823 1003 1011 1035 certumst
1032 996 1134 1035 bene
1155 1010 1218 1036 me
1238 1011 1439 1036 curare.—

321 1079 897 1118 THERAPONTIGONVS
1077 1081 1224 1119 cho
1459 1081 1504 1118 iii

106 1150 185 1187 ΤΗ.
218 1150 311 1187 Non
332 1163 405 1199 ego
426 1163 532 1188 nunc
554 1149 743 1188 mediocri
764 1149 908 1189 incedo
930 1149 1050 1189 iratus
1071 1150 1283 1198 iracundia,

105 1214 176 1251 sed
196 1227 313 1264 eapse
334 1213 398 1252 illa
419 1228 498 1264 qua
519 1214 767 1254 excidionem
790 1217 917 1254 facere
939 1216 1139 1256 condidici
1162 1216 1329 1267 oppidis.

23 1289 84 1326 535
105 1292 211 1316 nunc
231 1278 306 1316 nisi
326 1286 367 1316 tu
389 1278 485 1317 mihi
506 1294 670 1330 propere
691 1294 875 1331 properas
898 1282 990 1320 dare
1011 1281 1088 1319 iam
1110 1281 1265 1332 triginta
1286 1281 1423 1329 minas,

104 1357 201 1393 quas
223 1357 296 1394 ego
315 1346 422 1394 apud
443 1352 481 1383 te
501 1345 693 1396 deposiui‚
718 1344 840 1384 uitam
862 1360 1028 1397 propera
1047 1360 1204 1397 ponere.

104 1409 174 1446 Lv.
206 1422 287 1447 non
309 1410 452 1459 edepol
473 1424 579 1449 nunc
600 1424 674 1461 ego
695 1418 732 1449 te
754 1410 943 1450 mediocri
966 1419 1097 1451 macto
1117 1411 1343 1459 infortunio,
1455 1422 1473 1454 5

103 1474 173 1512 sed
193 1487 314 1524 eopse
334 1473 402 1513 illo
422 1488 503 1525 quo
525 1482 695 1514 mactare
716 1477 825 1514 soleo
846 1476 940 1527 quoi
962 1476 1016 1514 nil
1036 1478 1177 1516 debeo.

102 1539 183 1576 TH.
215 1552 265 1577 ne
286 1545 324 1577 te
344 1538 441 1577 mihi
463 1539 581 1578 facias
601 1541 773 1579 ferocem
793 1548 861 1579 aut
881 1541 1102 1592 supplicare
1122 1556 1294 1581 censeas.

22 1613 86 1650 540
104 1604 175 1640 LY.
220 1616 295 1642 nec
333 1610 374 1641 tu
414 1617 478 1642 me
515 1603 679 1655 quidem
721 1618 912 1656 umquam
957 1605 1115 1656 subiges
1154 1607 1352 1646 redditum
1394 1614 1438 1647 ut

1167 1673 1331 1711 reddam
1353 1671 1435 1719 tibi,

103 1745 176 1771 nec
209 1733 372 1771 daturus
405 1735 504 1772 sum.
563 1735 643 1773 ΤΗ.
675 1732 783 1774 idem
816 1749 890 1786 ego
928 1735 1029 1775 istuc
1063 1749 1185 1787 quom
1224 1737 1435 1776 credebam

1272 1801 1433 1849 credidi,

102 1869 141 1900 te
160 1861 258 1900 nihil
278 1876 364 1901 esse
384 1862 639 1902 redditurum.
700 1866 770 1903 Lv.
800 1879 873 1916 qur
892 1879 999 1904 nunc
1018 1879 1041 1904 a
1061 1880 1125 1905 me
1145 1866 1259 1917 igitur
1280 1866 1408 1917 petis?
1458 1879 1486 1901 ιτ

102 1928 182 1965 ΤΗ.
214 1927 312 1966 scire
333 1929 426 1966 uolo
446 1928 541 1978 quoi
561 1928 777 1968 reddidisti.
840 1932 908 1969 Lv.
942 1933 1053 1970 lusco
1074 1932 1214 1970 liberto
1235 1940 1313 1979 tu0,

102 1991 134 2029 is
155 1993 415 2030 Summanum
437 2006 478 2031 se
498 1993 631 2032 uocari
652 1993 758 2041 dixit,
781 1994 816 2033 ei
837 1996 1002 2035 reddidi.

23 2070 82 2108 545
104 2057 170 2107 qui
192 2059 261 2096 has
283 2059 445 2097 tabellas
466 2059 691 2109 opsignatas
712 2060 851 2108 attulit,
870 2075 967 2111 quas
989 2070 1030 2100 tu
1053 2062 1203 2100 mihi-—

104 2124 182 2160 TH.
215 2137 315 2173 quos
336 2131 377 2162 tu
399 2124 496 2162 mihi
516 2126 647 2164 luscos
667 2124 838 2173 libertos,
858 2140 957 2177 quos
975 2129 1213 2166 Summanos
1234 2128 1436 2168 somnias?

146 2225 210 2254 523
243 2226 382 2256 operam
408 2216 497 2260 (mi)
527 2217 669 2257 Pylades
815 2228 880 2258 529
920 2221 1071 2251 uendidit
1104 2220 1193 2250 illam
1227 2220 1292 2252 cod.
1314 2233 1321 2252 :
1360 2223 1431 2253 trai.

108 2258 307 2290 Taubmann
419 2271 481 2300 534
496 2262 578 2300 fort.
598 2272 699 2301 eapsa
717 2262 769 2301 (cf
788 2262 836 2293 ad
849 2264 926 2303 538)
1055 2265 1119 2303 538
1135 2275 1240 2303 eopso
1262 2265 1341 2303 cod,
1355 2266 1434 2304 sort.

102 2306 177 2333 recte
285 2314 349 2343 539
372 2315 413 2334 an
432 2315 457 2335 s.
476 2308 636 2336 censeas?
663 2306 819 2336 Bosscleer
926 2317 989 2346 542
1006 2318 1092 2346 quur
1107 2308 1173 2339 cod.
1279 2319 1342 2347 545
1366 2309 1432 2340 ΤΗ.

102 2357 183 2385 quas
201 2347 266 2378 cod.
360 2349 440 2378 mihi
461 2349 673 2379 Camerarius
689 2362 695 2379 :
720 2350 799 2380 mihi
817 2350 959 2381 tabellas
975 2351 1042 2382 cod.
1173 2353 1238 2390 546
1260 2353 1340 2384 lusc.
1362 2353 1434 2395 lib.]

104 2391 268 2428 parasitos
290 2391 402 2422 luscos
419 2391 574 2423 Donatus
590 2392 636 2423 ad
648 2392 788 2433 Adelph.
803 2403 835 2434 5,
850 2404 878 2433 7,
891 2404 913 2433 9
930 2394 1114 2436 (neglegens
1128 2396 1246 2436 citatio)
1310 2441 1346 2470 η

147 2443 267 2466 ΡιΑντ.
286 2444 297 2464 1
1305 2444 1334 2470 ζ·
