1727 2712
652 126 972 166 MERCATOR
1428 125 1480 161 ΙΙ.
1503 123 1548 160 iii

897 237 974 276 CH.
1007 235 1046 274 at
1076 236 1172 273 mihi
1197 234 1359 285 quidam
1389 234 1482 272 adu·
1502 246 1546 279 90

151 247 193 278 ut
222 239 502 278 emerem—ad
532 237 656 277 istanc
686 237 837 276 faciem.

1175 302 1338 346 lescens,
1362 306 1479 349 pater,

153 369 359 409 mandauit
379 371 430 409 ad
450 369 557 408 illam
578 368 730 415 faciem,
752 369 806 406 ita
826 375 868 405 ut
888 366 954 404 illa
974 374 1043 413 est,
1067 379 1239 405 emerem
1261 364 1345 403 sibi.

154 435 230 472 DE.
262 434 401 485 uiginti
421 434 537 473 minis
557 433 698 483 opinor
717 445 833 484 posse
849 445 913 470 me
933 431 1040 469 illam
1061 432 1246 470 uendere.

62 509 134 544 430
153 500 230 538 CH.
262 507 301 537 at
322 513 395 550 ego
416 499 447 538 si
468 499 599 545 uelim,
622 498 699 536 iam
721 499 864 536 dantur
885 504 1036 546 septem
1057 504 1096 535 et
1116 495 1255 546 uiginti
1276 494 1416 533 minae.

153 565 230 603 DE.
261 573 299 602 at
330 565 537 615 ego—CH.
571 563 667 614 quin
697 577 781 613 ego,
804 563 1102 613 inquam—DE.
1135 563 1196 609 ah,
1230 560 1357 599 nescis
1387 559 1483 610 quid

1065 628 1241 667 dicturus
1263 640 1363 674 sum,
1383 633 1480 664 tace.

150 693 217 732 tris
238 694 363 733 minas
384 696 577 733 accudere
597 693 716 732 etiam
736 706 910 744 possum,
933 701 976 731 ut
996 693 1154 743 triginta
1175 692 1287 730 sient.
1501 702 1543 734 95

151 759 228 798 CH.
262 772 341 808 quo
371 759 551 797 uortisti?
609 761 685 797 DE.
716 760 768 797 ad
788 757 898 796 illum
919 759 988 808 qui
1009 758 1113 797 emit.
1174 759 1253 797 CH.
1284 756 1485 795 ubinamst

1082 823 1113 861 is
1138 824 1260 861 homo
1280 821 1486 872 gentium?

653 889 762 928 iubet
783 890 960 941 quinque
988 904 1051 928 me
1071 889 1217 927 addere
1238 887 1355 925 etiam
1379 900 1484 925 nunc

1344 966 1480 990 mmas.

1226 1020 1300 1056 DE.
1333 1017 1482 1056 ibidem

1386 1083 1481 1121 mihi

15 899 128 936 434-5
153 890 227 926 DE.
261 888 441 927 eccillum
464 889 593 928 uideo.

148 1020 225 1058 CH.
258 1020 389 1058 hercle
416 1019 536 1058 illunc
556 1020 597 1059 di
623 1019 627 1071 1
654 1020 866 1069 infelicent,
895 1020 1074 1072 quisquis
1094 1027 1164 1059 est.

148 1149 265 1187 etiarn
287 1163 393 1189 nunc
413 1151 578 1189 adnutat
599 1152 745 1189 addam
766 1165 833 1190 sex
855 1151 991 1190 minas.
1052 1152 1130 1191 CH.
1164 1157 1312 1200 septem
1337 1148 1442 1187 mihi.

150 1215 226 1252 DE.
259 1229 477 1265 numquam
511 1217 653 1266 edepol
689 1230 752 1255 me
787 1217 918 1256 uincet
954 1216 1084 1255 hodie.
1149 1216 1226 1255 CH.
1259 1215 1481 1253 commodis
1504 1229 1567 1251 100

1200 1280 1337 1330 poscit,
1361 1288 1480 1330 pater.

152 1346 227 1383 DE.
252 1345 492 1395 nequiquam
513 1346 664 1396 poscit:
695 1360 768 1397 ego
789 1347 958 1386 habebo.
1010 1348 1088 1386 CH.
1111 1354 1150 1384 at
1171 1345 1248 1384 illic
1268 1345 1483 1396 pollicitust

1364 1423 1479 1460 pnor.

60 1484 131 1518 440
150 1477 226 1513 DE.
259 1475 370 1514 nihili
391 1475 502 1514 facio.
563 1477 640 1516 CH.
673 1476 960 1526 quinquaginta
984 1476 1120 1527 poscit.
1183 1478 1259 1514 DE.
1291 1488 1372 1513 non
1394 1488 1482 1513 cen-

1249 1547 1333 1578 turn
1354 1541 1479 1579 datur.

146 1605 283 1655 potine
304 1613 347 1644 ut
368 1620 417 1645 ne
438 1605 586 1645 licitere
607 1607 822 1645 aduorsum
844 1605 958 1659 (mei)
978 1606 1100 1645 animi
1122 1605 1387 1645 sententiam?

147 1684 371 1709 maxumam
393 1672 524 1710 hercle
544 1671 710 1710 habebis
727 1673 915 1722 praedam
935 1688 941 1710 :
972 1671 1025 1710 ita
1047 1671 1111 1710 ille
1127 1678 1196 1719 est,
1215 1672 1309 1721 quoi
1327 1670 1478 1718 emitur,

1337 1748 1455 1774 senex
1471 1750 1480 1783 3

148 1815 265 1840 sanus
287 1816 367 1842 non
388 1811 446 1842 est
467 1817 514 1842 ex
533 1817 667 1842 amore
688 1803 801 1842 illius.
863 1804 974 1853 quod
995 1815 1134 1853 posces
1151 1803 1260 1840 feres.
1505 1816 1564 1848 105

149 1867 226 1906 CH.
250 1876 354 1907 certe
367 1870 510 1920 edepol
523 1870 758 1908 adulescens
775 1868 850 1915 ille,
867 1869 963 1918 quoi
978 1881 1051 1918 ego
1065 1880 1166 1914 emo,
1183 1866 1366 1905 ecflictim
1382 1866 1482 1917 perit

60 1943 126 1980 445
147 1931 231 1970 eius
250 1946 394 1972 amore.
466 1937 540 1973 DE.
574 1936 700 1973 multo
720 1935 850 1973 hercle
871 1933 935 1972 ille
956 1933 1069 1983 magi’
1091 1946 1219 1979 senex,
1243 1932 1274 1970 si
1295 1940 1336 1970 tu
1357 1932 1466 1970 scias.

148 1998 224 2036 CH.
257 2012 475 2049 numquam
497 2001 639 2050 edepol
661 1999 733 2038 fuit
753 2013 882 2049 neque
904 2000 970 2037 fiet
992 1998 1056 2037 ille
1077 2012 1196 2037 senex
1217 1997 1389 2036 insanior

145 2076 192 2101 ex
219 2076 353 2102 amore
383 2078 502 2114 quam
523 2064 587 2103 ille
607 2065 841 2104 adulescens
872 2065 967 2114 quoi
992 2077 1064 2114 ego
1095 2065 1148 2103 do
1172 2064 1275 2101 hanc
1305 2076 1476 2113 operam,

1356 2136 1476 2178 pater.

191 2243 254 2272 427
278 2232 378 2276 (aut)
402 2234 444 2264 ad
469 2232 535 2265 Leo
677 2234 742 2273 428
766 2233 938 2264 mandauit
964 2232 1044 2276 (ut)
1073 2233 1197 2274 Ussing
1311 2234 1360 2263 vel
1383 2233 1479 2264 illaec

148 2286 211 2316 429
234 2277 283 2307 vel
297 2278 398 2316 opino
488 2288 547 2316 431
575 2278 638 2308 sim
654 2277 731 2309 Ital.
823 2279 888 2316 436
912 2277 969 2307 vix
984 2278 1122 2308 hercule
1211 2277 1261 2307 vel
1283 2277 1351 2307 diui
1420 2277 1477 2308 inf.

146 2319 178 2348 di
198 2319 323 2350 Ritsclzl
391 2321 454 2351 DE.
473 2321 533 2352 del.
553 2322 678 2352 Rilsclzl
770 2332 831 2360 437
851 2321 935 2361 Ca]
956 2321 1016 2351 DE.
1039 2322 1135 2352 Goetz
1223 2331 1287 2359 439
1310 2320 1418 2351 habeo
1434 2320 1476 2358 Β,

146 2363 233 2393 unde
247 2362 390 2406 (quam)
406 2375 469 2404 ego
486 2365 593 2396 habeo
614 2367 654 2403 (ἓ)
680 2364 746 2395 Leo
893 2374 954 2403 441
980 2364 1108 2395 licitere
1136 2363 1353 2402 Camerarius,
1377 2364 1475 2394 etiam

144 2406 210 2438 cod.
230 2411 267 2437 ut
281 2407 342 2439 vid.
364 2408 508 2447 (litigere
525 2410 610 2447 ΡΟ),
634 2409 751 2439 liceret
773 2409 818 2444 B>
838 2408 874 2447 (i.
895 2410 925 2443 8,
946 2418 977 2447 p.
1000 2410 1056 2448 27)
1147 2408 1213 2438 mei
1237 2407 1311 2438 add.
1331 2407 1478 2448 Scaliger

143 2460 208 2490 445
231 2451 282 2482 vel
295 2462 393 2490 mage
527 2454 591 2491 446
615 2453 663 2483 vel
677 2453 721 2482 ill·
