1727 2702
134 103 187 141 11.
209 103 238 140 ii
625 105 671 143 T.
706 104 885 144 MACCI
919 105 1121 143 PLAVTI

209 214 358 254 fortiter
379 216 524 253 malum
547 215 613 265 qui
636 215 790 266 patitur,
813 216 918 254 idem
941 225 1028 265 post
1051 215 1195 266 patitur
1216 216 1377 254 bonum.

211 281 270 318 L1.
301 280 396 331 quin
419 295 498 319 rem
521 289 698 318 actutum
721 281 930 319 edisseris?
959 280 1077 331 cupio
1100 282 1244 319 malum
1268 281 1493 320 nanciscier.
1561 288 1627 329 325

148 351 190 380 00
211 347 280 385 LE.
314 346 466 396 placide
488 359 579 396 ergo
601 346 916 396 unumquicquid
939 345 1071 395 rogita,
1095 354 1135 384 ut
1155 345 1419 396 adquiescam.
1463 360 1541 384 non

554 452 557 455 .
1432 411 1544 450 uides

211 489 274 514 me
311 489 358 514 ex
397 488 556 514 cursura
593 475 810 514 anhelitum
851 475 968 513 etiam
1004 477 1179 514 ducere?
1249 477 1309 514 L1.
1349 489 1420 526 age
1459 489 1541 525 age,

627 531 631 535 ⁴
1362 554 1543 579 mansero

212 609 282 641 tuo
307 603 505 649 arbitratu,
529 604 591 641 uel
617 604 718 641 adeo
747 615 871 652 usque
898 604 993 641 dum
1020 603 1132 653 peris.
1193 605 1263 641 LE.
1295 603 1456 642 ubinam
1485 610 1542 641 est

1425 682 1513 706 erus
1527 670 1543 706 ?

213 732 274 770 L1.
307 731 429 770 maior
448 733 554 781 apud
577 733 752 779 forumst,
777 731 904 769 minor
924 733 988 770 hie
1008 740 1065 770 est
1087 732 1201 770 intus.
1259 733 1328 770 LE.
1352 732 1427 770 iarn
1450 732 1542 770 satis

1354 805 1411 835 est
1434 797 1540 836 mihi.

213 862 273 900 Li.
307 869 389 900 tum
412 862 526 912 igitur
548 870 587 900 tu
609 862 722 901 diues
743 876 784 901 es
805 863 960 901 factus?
1018 864 1088 900 LE.
1123 862 1232 900 mitte
1253 862 1482 901 ridicularia.
1565 871 1634 905 330

151 930 192 971 65
212 928 298 968 †L1.
332 927 446 966 mitto
462 932 493 966 :†
526 927 625 965 istuc
647 929 755 978 quod
776 928 905 966 adfers
932 941 1044 966 aures
1065 935 1292 977 exspectant
1315 940 1435 965 meae.

215 993 286 1030 LE.
307 992 483 1030 animum
501 993 677 1039 aduorte,
693 1000 734 1030 ut
750 1006 876 1043 aeque
893 1006 1049 1031 mecum
1067 992 1164 1031 baec
1180 992 1290 1031 scias.
1336 994 1396 1030 L1.
1421 1000 1543 1031 taceo.
1593 1012 1598 1021 ·

1335 1059 1404 1096 LE.
1438 1058 1542 1096 beas.

214 1122 455 1162 meministin
475 1122 607 1161 asinos
629 1123 845 1161 Arcadicos
867 1123 1070 1161 mercatori
1094 1124 1227 1162 Pelleo

215 1197 391 1228 nostrum
406 1190 578 1228 uendere
594 1189 803 1227 atriensem
818 1191 835 1227 ?
879 1191 936 1227 L1.
962 1189 1133 1227 memini.
1171 1189 1267 1239 quid
1284 1196 1367 1227 tum
1384 1189 1544 1239 postea?
1565 1173 1633 1255 ἓξὲξ

217 1254 285 1291 LE.
319 1253 380 1292 em
403 1267 494 1303 ergo
515 1253 546 1292 is
565 1262 769 1303 argentum
793 1255 869 1291 huc
891 1253 1036 1291 remisit
1058 1255 1166 1303 quod
1188 1255 1344 1291 daretur
1364 1254 1531 1292 Saureae

155 1333 196 1368 70
216 1319 286 1368 pro
305 1318 435 1356 asinis.
490 1320 723 1357 adulescens
747 1319 853 1357 uenit
876 1320 1008 1364 modo,
1031 1318 1097 1368 qui
1121 1319 1158 1356 id
1179 1326 1383 1368 argentum
1405 1318 1542 1356 attulit.

217 1384 275 1421 L1.
307 1383 377 1421 ubi
408 1383 439 1421 is
469 1384 657 1421 homost?
716 1385 784 1420 LE.
818 1383 894 1420 iam
924 1384 1198 1421 deuorandum
1227 1396 1375 1429 censes,
1398 1382 1427 1420 si
1455 1396 1545 1420 con-

1347 1447 1516 1497 spexeris
1530 1449 1546 1485 ?

217 1513 275 1550 Li.
299 1512 353 1551 ita
373 1513 479 1551 enim
497 1526 601 1551 uero.
653 1514 721 1551 sed
739 1521 870 1550 tamen
893 1520 933 1550 tu
952 1526 1094 1563 nempe
1111 1527 1178 1552 eos
1195 1512 1326 1550 asinos
1343 1512 1545 1562 praedicas

217 1579 381 1624 uetulos‚
414 1579 588 1624 claudos,
612 1577 746 1627 quibu'
774 1577 960 1627 suptritae
989 1579 1039 1616 ad
1069 1577 1213 1615 semina
1239 1577 1313 1615 isim
1342 1585 1450 1615 erant
1479 1591 1546 1615 un-
1565 1587 1635 1622 340

1403 1643 1517 1692 gulae
1531 1643 1547 1680 'r‘

219 1707 288 1745 LE.
322 1707 437 1757 ipsos,
460 1707 526 1757 qui
550 1707 619 1745 tibi
640 1707 928 1746 subuectabant
949 1721 1036 1746 rure
1056 1709 1134 1746 huc
1154 1708 1280 1757 uirgas
1301 1708 1460 1745 ulmeas.

160 1782 196 1815 75
219 1773 278 1810 111.
311 1779 439 1819 tene0‚
460 1780 579 1821 atque
607 1772 711 1810 idem
737 1772 774 1810 te'
799 1772 891 1811 hinc
919 1773 1106 1812 uexerunt
1134 1773 1310 1811 uinctum
1339 1785 1412 1810 rus.
1475 1773 1544 1809 Lx.

1179 1851 1329 1876 memor
1349 1851 1389 1875 es
1411 1837 1544 1887 probe.

215 1915 351 1940 uerum
374 1901 412 1940 in
435 1902 597 1941 tostrina
620 1912 661 1942 ut
683 1906 883 1949 sedebam,
910 1919 970 1943 me
993 1905 1075 1942 infit
1097 1902 1358 1955 percontarier

215 1980 380 2017 ecquem
404 1967 526 2005 filium
550 1969 740 2007 Stratonis
763 1969 939 2007 nouerim
966 1972 1263 2008 Demaenetum.

216 2032 307 2070 dico
329 2046 391 2071 me
413 2034 571 2072 nouisse
592 2036 789 2084 extemplo
810 2042 846 2072 et
869 2034 930 2072 me
951 2034 1034 2073 eius
1056 2034 1209 2072 seruom
1232 2032 1416 2083 praedico
1566 2041 1631 2077 345

217 2110 313 2143 esse,
336 2106 372 2136 et
395 2099 503 2137 aedis
524 2098 790 2137 demonstraui
815 2107 975 2137 nostras.
1038 2100 1095 2136 L1.
1129 2098 1224 2147 quid
1246 2106 1327 2135 tum
1351 2097 1516 2146 postea?

262 2212 321 2241 324
350 2203 476 2242 potitur
492 2203 521 2232 b.
543 2201 629 2239 Ital„
650 2201 706 2231 sed
720 2202 757 2240 cs
771 2201 945 2231 Abraham
963 2201 1060 2233 stud.
1080 2202 1129 2232 Pl.
1149 2212 1180 2241 p.
1201 2202 1260 2239 196
1421 2209 1484 2238 325
1506 2199 1544 2238 cs

220 2245 369 2285 Lindsay
382 2246 483 2286 praefi
506 2247 539 2275 in
558 2245 646 2286 Cape.
668 2256 698 2284 p.
719 2247 759 2282 6⁴
927 2247 990 2283 326
1014 2245 1176 2284 quidquid
1198 2245 1304 2282 rogita
1325 2243 1546 2280 Came-ramus,

220 2289 321 2319 Bothe
338 2301 343 2319 :
368 2289 515 2328 quidque
535 2289 576 2319 de
596 2289 702 2327 rogita
721 2288 784 2319 cod.
879 2299 935 2326 33¹
957 2289 1035 2327 soni.
1055 2288 1238 2328 (Libane.)
1253 2287 1302 2318 1⁴1.
1320 2288 1413 2317 mitto
1433 2287 1490 2318 (iii.
1512 2288 1545 2320 2)

220 2334 304 2365 istuc
322 2332 422 2375 (quid
442 2332 506 2375 sit>
527 2332 631 2371 Gom,
652 2330 763 2362 Loewe
894 2342 957 2371 343
983 2342 1034 2362 me
1049 2331 1206 2372 Pylades:
1232 2341 1283 2361 me
1302 2341 1354 2361 me
1370 2329 1433 2361 cod.
