1727 2712
710 103 918 143 CASINA
1392 94 1469 132 ΙΙΙ.

254 221 359 259 intus
378 220 469 267 uidi,
492 231 638 258 nouam
659 224 777 266 atque
797 214 986 263 integram
1007 210 1225 250 audaciam.

254 300 352 325 caue
373 285 454 331 tibi,
476 286 708 328 Cleustrata‚
730 280 901 330 apscede
921 278 972 316 ab
994 276 1076 323 ista,
1100 287 1276 325 opsecro,

308 364 358 389 ne
378 349 474 399 quid
493 349 532 386 in
554 356 592 386 te
612 345 704 384 mali
725 344 817 383 faxit
838 343 893 381 ira
912 341 1070 391 percita.

201 415 337 465 eripite
358 414 419 452 isti
440 413 625 464 gladium,
647 424 748 461 quae
769 408 866 447 suist
886 407 1015 456 impos
1035 404 1167 444 animi.

58 485 129 530 630
148 483 217 520 Lv.
250 493 343 518 nam
372 478 469 529 quid
496 486 554 516 est
583 477 692 527 quod
718 476 817 513 haec
843 474 922 511 huc
949 471 1088 510 timida
1115 471 1233 520 atque
1258 468 1479 508 exanimata

1283 532 1450 572 exsiliuit
1463 533 1480 570 ?

150 610 389 650 Pardalisca!
440 611 508 646 ΡΑ.
541 607 653 658 perii!
683 606 789 644 (inde
807 605 917 643 me'ae
933 606 1123 652 usurpant
1144 614 1256 639 aures
1278 598 1481 638 sonitum?

150 679 218 715 Lv.
251 675 400 725 respice
435 675 556 712 modo
590 674 641 711 ad
676 685 749 710 me.
810 672 878 707 ΡΑ.
911 683 935 707 o
969 681 1032 707 ere
1068 667 1247 705 mi-sz
1281 664 1376 715 quid
1411 662 1480 701 tibi

751 736 838 774 est?
867 733 964 784 quid
985 732 1123 771 timida
1144 733 1214 771 es?
1272 732 1340 768 ΡΑ.
1372 728 1479 779 perii.

151 808 220 845 Lv.
253 805 360 856 quid,
383 803 559 855 periisti?
617 804 684 840 ΡΑ.
717 800 824 850 perii,
847 800 884 838 e't
912 806 953 836 tu
982 797 1139 848 periisti.
1200 798 1270 833 Lv.
1302 808 1334 841 a,
1358 793 1483 843 perii?

1286 859 1381 909 quid
1403 858 1485 896 ita?

207 938 275 974 ΡΑ.
307 948 380 973 uae
408 933 502 972 tibi!
560 933 630 970 Lv.
663 930 786 968 immo
813 928 913 967 istuc
941 927 1011 966 tibi
1039 926 1097 964 sit.
1159 927 1228 963 ΡΑ.
1259 924 1486 973 necadam,

1118 991 1274 1038 amabo,
1297 997 1387 1028 tene
1409 1001 1483 1026 me.

20 1072 134 1117 635-6
154 1069 223 1105 Lv.
256 1064 452 1116 quidquid
473 1071 541 1111 est,
564 1063 749 1112 eloquere
770 1059 823 1098 mi
845 1059 934 1097 cito.
995 1060 1062 1095 ΡΑ.
1096 1056 1256 1095 contine
1276 1061 1424 1105 pectuS,

20 1135 134 1180 637-8
209 1133 293 1170 face
306 1138 480 1175 uentum,
497 1128 652 1175 amabo,
668 1125 797 1176 pallio.
831 1125 901 1162 LY.
920 1123 1041 1161 timeo
1055 1123 1131 1160 hoc
1145 1120 1276 1170 negoti
1291 1119 1387 1169 quid
1401 1117 1483 1164 siet,

5 1199 139 1244 639-40
211 1196 284 1234 nisi
305 1197 403 1233 haec
423 1194 594 1232 meraclo
616 1205 656 1230 se
677 1190 831 1240 uspiam
852 1187 1042 1239 percussit
1063 1188 1158 1225 flore
1180 1184 1322 1223 Liberi.

266 1262 334 1298 ΡΑ.
358 1258 492 1309 optine
508 1256 622 1303 auris,
639 1255 794 1294 amabo.
846 1255 914 1291 Lv.
938 1253 949 1291 i
970 1252 1010 1290 in
1030 1253 1174 1290 malam
1188 1264 1210 1289 a
1227 1263 1290 1288 me
1311 1251 1488 1288 crucem!

264 1332 411 1375 pectus,
435 1322 548 1368 auris,
572 1328 689 1371 caput
710 1327 828 1369 teque
849 1318 889 1357 di
910 1316 1094 1367 perduint
1112 1319 1118 1354 1

266 1403 357 1428 narn
379 1388 453 1426 nisi
473 1401 520 1426 ex
540 1395 578 1425 te
599 1385 692 1432 scio,
714 1383 910 1434 quidquid
931 1383 1007 1420 hoc
1027 1388 1095 1427 est,
1119 1380 1209 1427 cito,
1231 1380 1308 1418 hoc

156 1456 233 1494 iam
254 1455 325 1493 tibi
346 1454 446 1492 istuc
469 1452 673 1491 cerebrum
694 1447 985 1498 dispercuffiam,
1008 1453 1161 1485 excetra
1182 1453 1236 1492 tu,

69 1520 134 1565 645
210 1519 380 1559 ludibrio
401 1530 585 1569 pessuma
605 1516 738 1554 adhuc
758 1526 860 1563 quae
881 1525 943 1550 me
964 1510 1146 1550 habuisti.

25 1585 136 1628 646-7
159 1589 226 1624 ΡΑ.
259 1599 322 1624 ere
354 1584 533 1622 mi—-an
566 1581 662 1631 quid
697 1579 756 1618 uis
786 1591 875 1617 mea
904 1591 967 1616 me
995 1576 1166 1615 ancilla?
1223 1576 1291 1612 ΡΑ.
1325 1572 1491 1612 nimium

895 1642 1033 1682 saeuis.
1093 1643 1162 1679 Lv.
1194 1652 1360 1678 numero
1381 1638 1489 1678 dicis.

265 1717 334 1755 sed
356 1717 432 1754 hoc
453 1712 649 1765 quidquid
671 1718 730 1750 est
751 1711 946 1759 eloquere,
970 1707 1010 1746 in
1031 1720 1156 1757 pauca
1176 1706 1334 1744 confer:

265 1781 361 1832 quid
382 1781 486 1819 intus
508 1777 665 1817 tumulti
687 1775 787 1814 fuit?
845 1776 914 1812 ΡΑ.
947 1773 1076 1819 scibis,
1098 1771 1202 1810 audi.

72 1848 141 1894 650
267 1849 414 1886 malurn
435 1856 746 1897 pessumumque
767 1841 831 1879 hic
851 1841 974 1879 modo
994 1837 1260 1887 intus—apud
1282 1848 1354 1874 nos

267 1921 334 1951 tua
353 1912 494 1950 ancilla
514 1912 591 1948 hoc
611 1915 729 1958 pacto
750 1905 916 1945 exordiri
937 1903 1079 1954 co'e'pit,

268 1979 376 2028 quod
398 1977 504 2015 haud
526 1974 698 2013 Atticam
720 1972 914 2011 condecet
935 1968 1195 2020 disciplinam.

205 2082 269 2112 628
293 2079 356 2120 ira]
387 2080 442 2111 vix
462 2079 515 2109 hir
661 2077 727 2114 630
751 2075 869 2106 exiluit
897 2073 1023 2117 [foras]
1052 2072 1085 2103 P
1108 2071 1160 2111 (εί
1183 2071 1257 2109 163)
1287 2070 1383 2111 (?pro
1406 2069 1425 2101 s.
1444 2069 1492 2109 e.)

162 2126 222 2163 631
250 2125 305 2155 vix
320 2125 495 2163 usuripant
512 2132 556 2153 m.
646 2129 767 2150 sonum
784 2119 830 2158 A,
846 2117 1038 2149 vocabulum
1050 2117 1106 2147 vix
1116 2114 1316 2145 Plautinum
1429 2114 1493 2150 632

163 2169 213 2199 vel
225 2169 302 2199 med
391 2178 411 2198 o
427 2177 493 2197 om.
512 2165 545 2196 Ρ
685 2165 748 2202 633
774 2161 880 2203 Quid]
903 2161 970 2201 Qui
988 2161 1020 2191 A
1114 2159 1175 2199 ita]
1193 2157 1253 2189 tibi
1266 2157 1300 2188 Ρ
1429 2157 1493 2195 634

163 2211 265 2252 istuc]
280 2222 342 2242 uae
355 2210 388 2240 A
481 2206 709 2240 necadamabo
727 2205 760 2236 P
853 2207 915 2244 635
941 2205 1081 2244 loquere
1097 2203 1130 2233 A
1231 2202 1297 2240 638
1321 2200 1494 2239 negotium

163 2256 244 2295 quid
262 2261 313 2285 est
329 2254 368 2293 P,
389 2257 500 2284 contra
518 2255 661 2282 metrum
803 2251 868 2287 640
892 2259 986 2279 mera
1003 2247 1100 2287 glose
1117 2245 1151 2276 P
1165 2246 1247 2287 (non
1265 2243 1320 2274 ΡΑ
1337 2248 1374 2274 ut
1389 2242 1470 2281 vid.)
1488 2255 1494 2274 z

164 2308 297 2330 meraco
323 2309 360 2329 se
386 2298 418 2327 A
511 2295 677 2336 percursit
700 2293 734 2324 P
819 2293 917 2324 libico
934 2292 967 2323 Ρ
982 2292 1095 2333 (eliam
1112 2289 1180 2329 ΡΑ)
1314 2289 1374 2326 641
1402 2297 1421 2318 a
1442 2297 1495 2317 me

165 2353 231 2373 om.
254 2341 288 2372 Ρ
414 2342 479 2380 643
503 2344 553 2370 est
571 2339 653 2379 cito]
676 2337 761 2368 scito
780 2336 812 2367 P
825 2338 861 2377 (i.
877 2337 912 2375 3)
1003 2335 1067 2365 hoc
1084 2345 1150 2365 om.
1171 2331 1205 2363 Ρ
1333 2332 1396 2370 644
1421 2340 1493 2361 exc.

166 2387 218 2416 tu*
239 2389 395 2416 execrata
419 2384 451 2415 P
580 2383 644 2421 646
669 2391 744 2412 mea
771 2391 824 2419 me
851 2380 944 2421 (tul)
971 2380 1023 2408 A·
1059 2388 1133 2408 mea
1160 2377 1198 2416 P.
1228 2375 1290 2406 cod.
1323 2375 1413 2408 festa·
1434 2384 1495 2414 170

166 2430 230 2468 648
254 2429 392 2468 loquere
409 2426 441 2457 Ρ
527 2426 615 2457 refer
631 2424 663 2456 Ρ
792 2426 855 2463 652
880 2424 981 2454 attica
998 2422 1030 2452 A

1493 103 1521 130 V

1502 478 1539 501 10

1509 1064 1545 1096 ¹5

1511 1390 1583 1412 20.

1514 1781 1552 1812 25
