1727 2712
687 104 916 143 CAPTIVI
1423 106 1475 142 ΙΙ.
1498 106 1543 143 iii

53 223 122 257 400
141 214 225 250 HE.
255 213 358 252 meu’
379 212 485 260 mihi,
509 214 593 251 suo'
613 212 788 263 quoique
808 219 866 250 est
893 225 1015 251 carus.
1076 214 1248 251 PH1Loc.
1280 213 1476 263 numquid
1498 232 1540 262 40

1171 277 1277 316 aliud
1299 277 1358 316 uis
1378 276 1478 328 patri

140 342 340 381 nuntiari?
395 345 467 382 Τγ.
500 357 564 382 me
585 343 649 382 hic
670 344 799 382 ualere
820 350 858 381 et
879 342 979 394 (tute
998 344 1185 382 audacter
1206 342 1341 391 dicito,

142 408 343 459 Tyndare)
366 408 465 447 inter
485 422 558 447 nos
578 408 696 446 fuisse
717 407 875 458 ingenio
896 409 973 446 hau
995 408 1262 455 discordabili,

143 487 273 524 neque
293 481 331 513 te
351 474 633 513 commeruisse
652 475 809 524 culpam
831 474 978 524 (neque
999 487 1061 512 me
1081 475 1335 513 aduorsatum
1356 473 1446 525 tibi)

145 538 327 589 beneque
348 553 415 578 ero
434 539 599 589 gessisse
620 551 771 577 morem
792 538 833 576 in
854 538 971 577 tantis
991 538 1189 577 aerumnis
1211 546 1342 577 tamen
1358 554 1368 587 3

56 613 123 650 405
145 618 275 655 neque
297 606 388 644 med
409 619 598 655 umquam
620 604 839 644 deseruisse
860 612 898 643 te
919 618 1049 655 neque
1070 604 1181 643 factis
1202 619 1332 655 neque
1352 606 1441 652 fide,
1462 612 1464 614 ’
1500 624 1541 656 45

144 670 260 708 rebus
281 669 321 707 in
342 670 483 717 dubiis,
507 669 650 720 egenis.
710 670 809 708 haec
829 677 939 719 pater
959 670 1121 719 quando
1143 669 1249 716 sciet,

144 735 338 784 Tyndare,
362 742 404 773 ut
424 734 541 774 fueris
561 735 758 774 animatus
779 748 869 785 erga
890 748 1003 773 suom
1025 742 1187 785 gnatum
1208 742 1326 785 atque
1347 749 1400 782 se,

145 813 363 850 numquam
384 800 454 839 erit
475 808 554 839 tam
575 815 715 839 auarus
737 800 833 851 quin
855 808 892 839 te
912 800 1042 851 gratiis
1063 800 1215 839 emittat
1237 814 1355 839 manu
1374 815 1382 839 :

146 872 184 904 et
205 879 293 904 mea
312 879 440 916 opera,
464 866 496 904 si
516 867 608 905 hinc
630 866 766 913 rebito,
792 866 932 904 faciam
954 874 995 904 ut
1017 865 1133 904 faciat
1154 865 1315 904 facilius.

58 945 129 979 410
147 945 238 970 nam
259 939 326 970 tua
346 944 465 982 opera
484 939 522 970 et
542 932 728 971 comitate
749 940 788 971 et
807 932 951 970 uirtute
971 940 1009 970 et
1030 931 1222 982 sapientia
1502 952 1547 983 50

146 995 270 1035 fecisti
291 1003 333 1035 ut
354 997 478 1036 redire
499 997 614 1036 liceat
634 999 685 1036 ad
707 1005 887 1048 parentes
908 998 1052 1043 denuo,

145 1061 266 1112 quom
287 1064 394 1112 apud
416 1064 522 1101 hunc
542 1064 745 1102 confessus
766 1077 807 1102 es
828 1071 866 1101 et
885 1077 1008 1113 genus
1029 1070 1067 1101 et
1088 1062 1244 1102 diuitias
1266 1077 1396 1103 meas:

146 1141 227 1178 quo
247 1136 363 1179 pacto
383 1128 545 1167 emisisti
566 1143 587 1167 e
608 1128 748 1167 uinclis
769 1136 878 1167 tuom
899 1142 1009 1167 erum
1030 1136 1097 1167 tua
1117 1128 1318 1179 sapientia.

148 1195 320 1233 PHILOC.
351 1194 425 1233 feci
454 1208 527 1244 ego
556 1194 610 1233 ita
638 1202 680 1233 ut
710 1208 1011 1242 commemoras,
1042 1202 1080 1233 et
1109 1202 1147 1233 te
1182 1195 1407 1234 meminisse
1441 1195 1481 1234 id

1121 1267 1273 1309 gratum
1294 1268 1352 1298 est
1373 1259 1479 1298 mihi.

60 1337 127 1374 415
148 1324 288 1363 merito
308 1324 378 1362 tibi
400 1339 446 1363 ea
465 1326 682 1363 euenerunt
703 1338 726 1362 a
746 1339 834 1373 me;
864 1339 955 1363 nam
978 1338 1095 1371 nunc,
1120 1324 1372 1372 Philocrates,
1503 1342 1543 1375 55

147 1389 178 1427 si
199 1404 273 1440 ego
293 1390 387 1428 item
409 1404 625 1429 memorem
647 1404 748 1440 quae
769 1392 861 1429 med
883 1404 972 1440 erga
994 1392 1118 1428 multa
1137 1390 1262 1430 fecisti
1283 1390 1396 1437 bene,

146 1468 224 1493 nox
253 1455 359 1494 diem
388 1456 562 1504 adimat3
601 1469 692 1494 nam
723 1455 834 1506 quasi
864 1470 999 1495 seruos
1030 1454 1181 1508 [meus]
1212 1469 1328 1504 esses,
1360 1456 1484 1495 nihilo

1363 1520 1482 1559 setius

144 1584 223 1638 (tu)
260 1585 356 1624 mihi
404 1585 665 1637 opsequiosus
712 1599 866 1637 semper
905 1585 1021 1625 fuisti.
1101 1588 1181 1624 HE.
1223 1586 1264 1625 di
1309 1594 1481 1624 nostram

1348 1652 1480 1698 fidem,

147 1716 353 1755 hominum
375 1716 576 1768 ingenium
598 1717 780 1756 liberale!
820 1725 861 1755 ut
882 1719 1074 1755 lacrumas
1096 1716 1297 1756 excutiunt
1318 1716 1437 1755 mihi!

61 1791 131 1826 420
147 1781 284 1821 uideas
304 1783 423 1821 corde
442 1796 573 1820 amare
595 1782 694 1820 inter
714 1796 765 1820 se.
798 1782 955 1832 quantis
979 1783 994 1801 ‘³'
1019 1782 1202 1821 laudibus
1502 1789 1546 1821 60

148 1861 261 1886 suom
283 1862 392 1886 erum
413 1861 547 1887 seruos
573 1847 850 1887 conlaudauit!
910 1850 1081 1887 PH1Loc.
1113 1849 1180 1898 pol
1208 1847 1293 1886 istic
1315 1861 1378 1886 me
1404 1848 1482 1886 hau

1192 1921 1482 1952 centessumam

146 1986 297 2028 partem
317 1980 451 2019 laudat
472 1993 591 2030 quam
614 1979 696 2030 ipse
718 1979 896 2018 meritust
917 1987 958 2018 ut
979 1980 1160 2018 laudetur
1180 1979 1374 2018 laudibus.

191 2093 253 2121 403
278 2088 311 2114 te
337 2083 552 2114 adum-satum
587 2083 667 2113 mihi
698 2083 784 2113 Brz'x
915 2085 979 2123 408
1009 2089 1125 2124 gratus
1157 2084 1222 2115 cod.
1259 2084 1309 2124 (cs
1344 2084 1434 2115 Curc.
1460 2085 1480 2114 6

147 2125 299 2164 ingratus
310 2132 373 2167 pro
390 2127 560 2167 ingratiis)
633 2137 733 2157 manu
752 2127 883 2158 emittat
901 2128 1018 2167 gratiis
1030 2127 1128 2166 Brix,
1143 2130 1196 2158 cui
1209 2130 1326 2167 gratiis
1342 2128 1483 2168 displicet

147 2179 210 2208 413
234 2171 387 2201 exemisti
411 2170 596 2210 T(3]‚sorl.
620 2176 694 2200 recte
827 2181 890 2210 414
917 2171 961 2202 ita
984 2172 1110 2202 Bothe:
1136 2173 1198 2202 ista
1219 2171 1284 2202 cod.
1304 2172 1356 2211 (cs.
1386 2171 1475 2202 Trin.

151 2222 233 2251 1170
258 2214 354 2244 istast
379 2219 442 2253 pro
472 2214 578 2252 itasti,
597 2214 714 2253 forma
746 2215 801 2244 vix
832 2214 991 2246 Plautina
1137 2225 1200 2254 415
1224 2214 1328 2257 (sed)
1360 2216 1478 2245 merito

147 2254 234 2286 Bm'x
339 2259 403 2296 416
429 2268 482 2287 me
499 2257 564 2288 cod.
673 2268 736 2296 417
762 2258 856 2297 quasi
874 2258 1047 2289 Fleckeisen
1066 2270 1073 2291 :
1095 2259 1123 2291 si
1139 2259 1204 2289 cod.
1296 2269 1392 2289 meus
1415 2258 1474 2289 del.

149 2299 302 2331 Gm'etus:
326 2302 370 2331 mi
383 2300 515 2340 Bentley
602 2300 648 2330 sis
672 2300 842 2332 Fleckeisen
932 2312 996 2340 420
1010 2302 1093 2340 sort.
1113 2304 1131 2334 i.
1146 2313 1221 2333 sese
1237 2313 1262 2333 c.
1283 2314 1310 2334 a.
1374 2302 1478 2332 laudi-

147 2342 209 2372 bus
228 2342 299 2384 233)
318 2355 363 2374 an
379 2344 527 2375 laudauit
544 2343 654 2385 (PBD)
673 2344 738 2375 cod.
757 2346 861 2376 incerl.
880 2345 982 2385 :fora
1000 2345 1101 2388 <erus
1117 2345 1229 2388 hunc)
1246 2346 1400 2377 laudibus
