1727 2702
88 73 203 107 PROL.
641 70 688 113 T.
721 74 900 115 MACCI
933 73 1135 115 PLAVTI

165 192 204 225 25
226 189 266 219 ut
289 183 329 220 fit
349 182 387 221 in
410 184 524 230 bello,
547 184 697 234 capitur
715 187 811 224 alter
832 186 943 225 filius.

223 247 400 286 medicus
423 250 661 288 Menarchus
681 250 775 289 emit
796 250 943 290 ibidem
966 252 1005 291 in
1027 251 1152 293 Alide.

221 313 349 363 coepit
370 314 547 364 captiuos
567 316 821 355 commercari
843 317 906 356 hic
927 320 1059 366 Aleos,

220 378 250 416 si
272 392 390 428 quern
412 380 577 431 reperire
598 390 730 432 posset
750 382 817 432 qui
840 391 964 423 mutet
984 397 1108 430 suom,

222 444 330 482 illum
352 445 549 495 captiuom
569 461 575 484 :
606 448 711 486 hunc
731 461 844 487 suom
866 462 952 488 esse
972 449 1096 488 nescit
1117 450 1182 500 qui
1203 450 1359 490 domist.

160 524 203 555 30
223 517 261 547 et
282 510 469 559 quoniam
492 511 573 550 heri
595 511 817 552 indaudiuit
837 515 887 552 de
908 527 1065 553 summo
1085 516 1175 553 loco

221 586 458 625 summoque
478 589 619 625 genere
639 585 798 627 captum
820 592 905 617 esse
925 579 1098 629 equitem
1125 580 1130 630 Ι
1157 581 1314 629 Aleum,

219 637 271 675 nil
294 639 418 688 pretio
439 640 566 690 parsit,
591 641 671 680 filio
691 643 787 680 dum
809 651 983 692 parceret
1001 658 1007 681 :

217 703 467 743 reconciliare
488 713 529 742 ut
550 705 700 745 facilius
720 715 852 757 posset
873 708 1052 756 domum,

218 767 312 806 emit
333 769 439 808 hosc'
459 770 508 808 de
530 772 673 820 praeda
692 773 832 811 ambos
852 773 903 811 de
923 773 1205 822 quaestoribus.

156 842 196 875 55
219 832 324 872 hisce
344 841 475 872 autem
498 834 597 874 inter
617 850 701 875 sese
722 838 827 876 hunc
848 839 1122 877 confinxerunt
1141 840 1290 886 dolum,

217 911 297 948 quo
317 906 433 949 pacto
454 899 517 938 hic
538 913 672 940 seruos
693 915 806 940 suom
828 916 936 942 erum
959 902 1051 941 hinc
1071 902 1223 942 amittat
1243 904 1418 943 domum.

214 961 345 1013 itaque
366 964 466 1004 inter
485 979 527 1004 se
547 975 793 1005 commutant
815 975 965 1006 uestem
987 975 1025 1006 et
1046 967 1233 1016 nomina3

213 1027 290 1067 illic
311 1037 474 1068 uocatur
496 1030 746 1078 Philocrates,
771 1032 834 1071 hic
855 1034 1085 1082 Tyndarus:

213 1092 328 1131 huius
349 1094 436 1141 illic,
461 1095 524 1134 hic
544 1095 646 1135 illius
666 1097 785 1136 hodie
806 1098 877 1137 fert
897 1097 1118 1148 imaginem.

153 1174 194 1205 40
213 1166 250 1196 et
272 1158 335 1197 hic
357 1159 475 1199 hodie
497 1161 678 1212 expediet
699 1163 800 1201 hanc
821 1163 938 1202 docte
964 1163 1165 1210 fallaciam,

212 1230 249 1261 et
271 1237 384 1262 suom
405 1238 514 1263 erum
535 1226 651 1265 faciet
671 1227 858 1266 libertatis
879 1236 1117 1278 compotem,

211 1289 434 1340 eodemque
455 1298 571 1340 pacto
592 1292 747 1331 fratrem
769 1292 939 1331 seruabit
960 1307 1073 1332 suom

212 1354 477 1404 reducemque
494 1355 608 1394 faciet
629 1356 794 1396 liberum
817 1357 854 1395 in
878 1357 1040 1407 patriam
1061 1359 1112 1397 ad
1134 1366 1282 1409 patrem

212 1417 426 1468 inprudens
444 1434 450 1457 :
480 1420 616 1460 itidem
639 1430 680 1460 ut
700 1436 817 1473 saepe
838 1422 914 1461 iam
938 1423 975 1461 in
999 1423 1129 1461 multis
1150 1423 1246 1463 locis

150 1501 191 1533 45
211 1485 297 1533 plus
319 1483 487 1524 insciens
509 1486 596 1536 quis
617 1487 707 1526 fecit
727 1501 847 1538 quam
869 1489 1040 1539 prudens
1063 1489 1167 1528 boni.

209 1549 278 1587 sed
300 1549 510 1589 inscientes
531 1565 600 1590 sua
620 1551 695 1591 sibi
715 1552 867 1591 fallacia

208 1613 260 1652 ita
280 1624 555 1665 compararunt
576 1624 614 1655 et
635 1619 908 1657 confinxerunt
929 1619 1066 1658 dolum

209 1678 340 1729 itaque
361 1680 400 1718 hi
421 1682 635 1720 commenti
656 1684 706 1722 de
727 1697 796 1722 sua
816 1684 1010 1724 sententia

210 1752 249 1782 ut
272 1744 308 1782 in
331 1745 518 1785 seruitute
539 1747 602 1785 hic
622 1749 672 1787 ad
693 1761 807 1788 suom
830 1757 986 1789 maneat
1007 1757 1181 1801 patrem:

147 1820 189 1851 50
209 1809 260 1847 ita
282 1824 386 1849 nunc
407 1810 588 1861 ignorans
609 1827 682 1852 suo
702 1813 775 1853 sibi
796 1814 915 1854 seruit
935 1815 1057 1866 patri;

208 1875 437 1914 homunculi
458 1877 593 1927 quanti
615 1887 716 1927 sunt,
739 1893 860 1930 quom
883 1881 1078 1931 recogito!

207 1941 302 1979 haec
325 1955 383 1981 res
403 1950 538 1991 agetur
560 1943 685 1991 nobis,
709 1945 823 1984 uobis
845 1946 986 1984 fabula.

206 2006 275 2043 sed
296 2005 412 2044 etiam
435 2015 492 2046 est
514 2008 648 2058 paucis
671 2023 742 2048 uos
763 2011 873 2060 quod
895 2010 1066 2049 monitos
1087 2010 1289 2050 uoluerim.

208 2072 382 2120 profecto
403 2073 584 2123 expediet
606 2074 761 2113 fabulae
782 2074 873 2114 huic
893 2089 1052 2126 operam
1074 2076 1166 2114 darc
1184 2091 1190 2114 :

1572 200 1616 235 25

1571 524 1617 559 30

1566 839 1610 876 35

1563 1169 1612 1204 40

1561 1493 1604 1529 45

1561 1816 1607 1852 50

251 2177 292 2206 28
318 2177 422 2215 possit
450 2176 529 2207 Ra„-
619 2178 674 2217 qui
703 2177 844 2208 Parcus:
880 2188 954 2208 cum
987 2189 1053 2217 quo
1084 2177 1148 2209 cod.
1182 2179 1224 2218 (v.
1258 2179 1292 2215 2)
1320 2178 1370 2219 (cf
1399 2189 1426 2210 v.
1462 2180 1538 2219 101)

207 2228 249 2257 30
273 2219 351 2250 inde
384 2221 511 2251 audiuit
544 2221 607 2251 cml.
643 2221 676 2258 (i.
715 2228 747 2260 7)
889 2231 927 2260 31
945 2222 1026 2261 som.
1058 2222 1226 2261 captiuom
1261 2222 1313 2261 (qs.
1347 2222 1438 2263 Eprd.
1474 2225 1536 2261 564

205 2263 372 2335 Eiffiiucaorg
389 2269 450 2303 pro
471 2269 601 2303 captam
627 2264 671 2303 B)
807 2274 848 2303 34
873 2275 892 2295 c
918 2275 967 2304 pr.
995 2267 1034 2304 (ἲ)
1058 2264 1274 2296 Studemund
1402 2276 1444 2304 42
1467 2275 1536 2296 ser-
