1727 2702
165 241 206 263 20
337 225 405 262 ΙΝ.
439 223 598 274 respice,
622 237 646 262 o
667 223 719 262 mi
741 225 861 274 lepos.
923 225 993 263 CL.
1026 237 1170 275 nempe
1191 224 1243 264 ita
1263 233 1305 264 ut
1327 232 1368 263 tu
1390 225 1484 264 mihi
1505 239 1556 265 es.
1579 237 1646 276 235

278 290 385 329 unde
412 288 486 336 hic,
509 289 664 336 amabo,
688 296 888 340 unguenta
908 291 1046 328 olent?
1103 292 1172 328 Lv.
1205 291 1257 329 oh
1278 290 1373 340 perii
1392 293 1398 328 !
1428 304 1561 329 manu-

1325 357 1425 394 festo
1446 354 1562 394 miser

444 427 589 459 teneor.
650 433 763 459 cesso
784 427 902 470 caput
923 419 1042 470 pallio
1062 421 1274 471 detergere.

226 494 269 527 ut
300 494 338 525 te
372 486 491 525 bonu'
524 485 744 524 Mercurius
779 487 927 536 perdat,
961 487 1174 536 myropola,
1207 485 1299 536 quia
1334 487 1431 525 haec
1466 485 1562 526 mihi

1404 550 1559 590 dedisti.

227 618 298 658 CL.
331 617 408 656 eho
435 623 476 655 tu
501 615 624 663 nihili,
647 629 746 654 cana
772 616 895 662 culex,
919 614 984 654 uix
1011 622 1147 654 teneor
1172 615 1269 666 quin
1296 629 1398 666 quae
1418 616 1562 654 decent

151 114 204 152 11.
226 114 273 151 iii
649 114 694 151 T.
729 114 909 154 MACCI
941 114 1144 153 PLAVTI
1688 0 1727 198 ἲ

1708 202 1723 411 ἒ

1700 568 1720 613 g}

1358 687 1396 719 te
1416 679 1559 727 dicam,

167 765 207 797 ²5
227 754 413 785 senectan
434 753 562 785 aetate
583 752 849 796 unguentatus
873 759 943 796 per
963 744 1057 793 uias,
1081 744 1233 795 ignaue,
1257 744 1441 784 incedis?
1581 762 1650 796 240

229 813 298 850 Lv.
332 812 397 862 pol
428 824 501 861 ego
530 810 661 849 amico
689 809 782 849 dedi
813 809 1003 860 quoidam
1034 824 1205 861 operam,
1238 811 1336 849 dum
1366 809 1460 849 emit
1495 822 1562 848 un-

789 882 944 926 guenta.
1005 876 1075 915 CL.
1109 883 1150 913 ut
1171 875 1250 915 cito
1271 877 1561 914 commentust!

227 940 371 991 ecquid
407 949 444 980 te
477 941 631 991 pudet?
687 942 758 979 Lv.
791 939 926 978 omnia
963 953 1066 990 quae
1105 947 1146 978 tu
1185 941 1256 979 uis.
1316 940 1387 980 CL.
1420 938 1487 978 ubi
1521 938 1561 977 in

1241 1006 1361 1044 lustra
1381 1002 1563 1043 iacuisti?

229 1073 299 1110 Lv.
332 1084 458 1121 egone
479 1070 517 1109 in
539 1072 688 1109 lustra?
746 1071 816 1111 CL.
850 1069 933 1110 scio
961 1071 1048 1121 plus
1069 1083 1189 1121 quam
1217 1077 1258 1108 tu
1280 1083 1343 1108 me
1363 1068 1560 1108 arbitrare.

840 1137 910 1173 Lv.
942 1134 1038 1185 quid
1060 1134 1100 1174 id
1120 1136 1209 1174 est?
1238 1134 1334 1185 quid
1357 1131 1436 1188 [tu]
1457 1133 1563 1173 scis?

229 1203 301 1242 CL.
333 1209 371 1240 te
398 1215 492 1240 sene
513 1200 692 1240 omnium
714 1214 850 1239 senem
869 1198 1111 1252 (hominem)
1131 1199 1332 1239 neminem
1353 1213 1439 1239 esse
1459 1199 1562 1250 igna-

750 1316 753 1320 ,
1397 1264 1559 1304 uiorem.

168 1349 211 1382 30
231 1333 337 1371 unde
358 1332 400 1379 is,
424 1331 565 1370 nihili?
594 1330 661 1370 ubi
682 1330 818 1369 fuisti?
847 1329 915 1369 ubi
935 1330 1162 1369 lustratu’s?
1189 1329 1258 1369 ubi
1279 1329 1443 1369 bibisti?
1582 1345 1647 1382 245

231 1398 367 1436 mades
395 1404 611 1435 mecastor:
647 1395 739 1435 uide
769 1395 972 1447 palliolum
1000 1402 1042 1434 ut
1069 1398 1202 1446 rugat!
1261 1396 1330 1434 Lv.
1363 1394 1404 1434 di
1432 1408 1496 1433 me
1525 1402 1563 1434 et

1290 1467 1329 1498 te
1349 1459 1560 1506 infelicent,

337 1528 370 1566 si
389 1541 462 1578 ego
483 1527 521 1564 in
543 1540 587 1565 os
609 1539 740 1564 meum
762 1525 882 1565 hodie
902 1525 984 1564 uini
1005 1532 1154 1576 guttam
1176 1524 1313 1564 indidi.

391 1594 462 1632 CL.
494 1591 617 1630 immo
636 1604 708 1641 age
728 1598 770 1629 ut
790 1590 900 1629 lubet
920 1590 1024 1638 bibe,
1046 1604 1099 1638 es,
1121 1590 1305 1641 disperde
1325 1603 1417 1629 rem.

231 1659 300 1697 Lv.
333 1659 420 1705 ohe,
443 1657 520 1695 iam
543 1656 634 1695 satis
655 1668 751 1695 uxor
771 1663 829 1694 est
845 1670 855 1703 3
883 1655 1100 1706 comprime
1120 1662 1183 1703 teg
1211 1654 1377 1693 nimium
1398 1654 1530 1702 tinnis,
1578 1663 1714 1701 249-50

171 1741 211 1772 35
284 1722 460 1773 relinque
480 1722 726 1772 aliquantum
748 1719 946 1767 orationis,
969 1734 1053 1759 cras
1074 1720 1184 1771 quod
1205 1733 1360 1759 mecum
1382 1719 1518 1770 litiges.

231 1789 301 1827 sed
317 1787 413 1838 quid
429 1787 485 1826 ais
501 1789 518 1826 ?
547 1786 623 1825 iam
640 1785 828 1825 domuisti
844 1785 1033 1833 animum,
1057 1785 1188 1836 potius
1209 1793 1250 1824 ut
1266 1785 1375 1836 quod
1396 1785 1454 1824 uir
1469 1784 1563 1824 uelit

232 1853 313 1892 fieri
349 1853 388 1892 id
424 1851 541 1891 facias
575 1864 694 1902 quam
729 1851 940 1890 aduorsere
974 1852 1140 1889 contra?
1197 1851 1266 1890 CL.
1299 1863 1377 1901 qua
1410 1851 1462 1889 de
1495 1851 1565 1889 re?

1322 1916 1390 1953 ΙΝ.
1422 1915 1565 1966 rogas?

231 1997 347 2034 super
366 1982 508 2022 ancilla
529 1981 684 2028 Casina,
709 1988 751 2019 ut
772 1982 886 2020 detur
907 1988 1075 2031 nuptum
1096 1987 1231 2020 nostro
1251 1979 1380 2027 uilico,

277 2090 340 2128 236
364 2091 516 2127 unguent
532 2086 669 2117 adolent
686 2085 751 2116 cod.
773 2085 962 2126 (unguenta
978 2085 1071 2116 olent
1084 2085 1126 2126 J>
1217 2086 1279 2124 238
1302 2085 1359 2124 qui
1376 2083 1564 2117 Lambinus

234 2142 298 2172 239
322 2132 404 2161 nihil
422 2132 476 2161 hic
493 2129 650 2161 anaculix
673 2128 738 2161 cod.
876 2139 939 2168 240
962 2133 1124 2160 senectan
1149 2127 1298 2160 Schoell:
1321 2134 1458 2160 senecta
1481 2128 1561 2168 cod„

233 2180 342 2206 contra
361 2179 502 2205 metrum
614 2179 809 2212 unguentus
828 2172 907 2203 pm)
923 2184 928 2202 :
954 2183 1031 2203 corr.
1052 2171 1097 2202 13³
1251 2181 1311 2211 24¹
1339 2177 1562 2204 commentust

236 2219 388 2258 Pylades:
407 2217 659 2249 commendatus
673 2221 725 2246 est
740 2216 806 2248 cod.
821 2216 873 2256 (cs.
886 2226 914 2247 v.
929 2217 1007 2255 240)
1062 2216 1208 2246 vixdum
1221 2214 1333 2257 [emit]
1347 2220 1561 2255 unguenta—

235 2263 294 2293 Cr..
323 2268 355 2292 ut
375 2263 442 2292 cito
460 2264 720 2292 commentatust
735 2261 741 2290 !
857 2269 918 2298 242
943 2270 973 2299 q.
991 2264 1011 2290 t.
1029 2270 1058 2290 u.
1073 2270 1103 2290 o.
1118 2258 1251 2299 Geppert
1362 2268 1426 2299 243
1449 2264 1484 2290 tu
1501 2259 1558 2290 del.

239 2306 371 2346 vapcrt
482 2315 545 2344 244
571 2304 742 2334 hominem
761 2303 810 2333 vel
830 2313 949 2333 senum
974 2301 1049 2333 add.
1075 2301 1216 2343 Spengel
1327 2311 1390 2341 245
1414 2302 1469 2333 ubi
1495 2302 1560 2333 lus-

238 2355 344 2381 tretur
361 2350 402 2379 ibi
422 2350 498 2388 (pro
515 2348 586 2388 ubi)
603 2347 736 2378 bibatur
752 2345 840 2377 codd.
861 2346 963 2377 Νοηιϊ
981 2355 1040 2385 135
1187 2346 1252 2384 246
1275 2346 1389 2376 mades
1411 2344 1538 2377 Schoelt'
1555 2357 1561 2376 :

237 2394 334 2424 adest
345 2392 410 2423 cod.
525 2402 590 2430 250
614 2391 726 2421 tinnes
742 2389 808 2421 cod.
919 2399 982 2429 253
1005 2398 1104 2428 quam
1121 2387 1280 2428 Pylades:
1299 2389 1444 2429 [potius]
1461 2399 1560 2429 quam

236 2436 300 2469 cod.
317 2437 367 2478 (cs.
383 2446 412 2467 v.
432 2445 493 2477 257
508 2446 516 2475 3
540 2435 572 2467 ii.
594 2434 630 2476 2)
