1727 2712
705 71 910 111 CASINA
1393 65 1470 102 III.
1493 64 1506 99 i

143 199 244 232 cura,
281 198 354 236 ego
387 185 437 223 ad
473 185 599 223 forum
635 182 757 221 modo
791 180 882 219 ibo:
922 179 997 217 iam
1033 177 1097 216 hic
1131 189 1207 216 ero.
1267 177 1340 214 AL.
1373 175 1475 213 bene

1240 268 1243 269 γ
1303 239 1473 278 ambula.

145 318 215 355 ΙΝ.
247 317 307 354 fac
332 315 504 354 habeant
531 313 703 364 linguam
732 319 821 350 tuae
847 310 977 349 aedes
1036 310 1110 347 AL.
1142 305 1239 357 quid
1265 304 1347 343 ita?
1404 305 1473 342 Lv.

980 385 1102 424 quom
1124 383 1294 417 ueniam,
1318 375 1474 408 uocent.

143 448 215 486 AL.
247 452 391 484 attatae
409 448 414 482 ἒ
447 443 678 482 caedundus
699 444 741 480 tri
762 442 884 479 homo
904 452 945 478 es
962 454 969 476 :
999 437 1141 476 nimias
1162 434 1322 475 delicias
1343 433 1448 472 facis.

146 512 215 549 ΙΝ.
248 510 343 560 quid
362 522 428 549 me
448 521 579 547 amare
601 508 727 553 refert,
748 505 822 544 nisi
843 504 916 543 sim
938 504 1080 543 doctus
1099 500 1180 554 (ac)
1200 500 1430 539 dicaculus?
1501 510 1535 542 15

57 589 124 627 530
143 576 214 614 sed
252 583 293 613 tu
333 588 430 613 caue
468 574 508 612 in
547 571 792 624 quaesitione
831 569 927 609 mihi
966 565 1160 607 sis—AL.
1193 578 1318 616 usque
1356 565 1476 602 adero

1300 628 1476 668 domi.—

405 749 777 787 CLEVSTRATA
887 746 1217 782 ALCEs1Mvs
1497 739 1526 776 ii

144 833 214 872 CL.
247 832 339 870 Hoc
360 838 440 868 erat
461 837 613 868 ecastor
633 828 741 878 quod
763 839 827 865 me
847 825 906 864 uir
926 832 1036 863 tanto
1057 836 1176 874 opere
1197 821 1333 860 orabat
1353 831 1475 866 mem,

143 905 185 935 ut
206 908 456 947 properarem
477 906 671 932 arcessere
693 893 795 930 hanc
815 889 928 943 (huc)
947 890 998 928 ad
1020 902 1083 927 me
1103 887 1275 926 uicinam
1298 897 1438 931 meam,

142 961 286 1000 liberae
306 961 424 999 aedes
446 967 488 998 ut
509 958 583 998 sibi
604 965 735 997 essent
757 955 942 997 Casinam
965 967 1045 1005 quo
1066 954 1318 992 deducerent.

144 1040 249 1078 nunc
270 1026 371 1065 adeo
392 1037 644 1076 nequaquam
665 1035 872 1066 arcessam,
893 1019 961 1072 <ne
982 1018 1074 1070 illis>
1093 1015 1369 1069 ignauissumis

58 1101 122 1139 535
143 1091 255 1131 liberi
274 1091 351 1131 loci
371 1098 545 1142 potestas
566 1089 625 1136 sit,
648 1087 791 1128 uetulis
812 1085 1058 1126 ueruecibus.
1499 1095 1515 1127 5

144 1158 215 1196 sed
235 1169 374 1196 eccum
396 1154 601 1206 egreditur,
625 1153 749 1192 senati
770 1153 966 1197 columen,
989 1148 1228 1201 praesidium
1249 1146 1368 1198 popli,

145 1220 247 1261 meu'
269 1220 434 1267 uicinus,
459 1232 549 1258 meo
571 1218 656 1257 uiro
677 1217 744 1270 qui
764 1216 931 1257 liberum
953 1214 1159 1265 praehibet
1178 1214 1322 1252 locum.

145 1301 226 1326 non
247 1294 398 1326 ecastor
419 1284 507 1324 uilis
528 1285 711 1335 emptu'st
732 1282 890 1322 modius
911 1281 979 1332 qui
999 1279 1107 1319 uenit
1129 1278 1229 1318 salis.

146 1356 220 1392 AL.
251 1353 368 1391 miror
388 1353 466 1390 huc
487 1351 564 1389 iarn
586 1362 667 1389 non
683 1348 825 1388 arcessi
846 1347 885 1386 in
906 1358 1141 1398 proxumum
1159 1356 1319 1383 uxorem
1337 1355 1476 1387 meam,

63 1431 128 1470 540
146 1432 247 1470 quae
268 1418 344 1456 iam
366 1418 530 1462 dudum,
555 1415 586 1454 si
605 1421 833 1460 arcessatur,
856 1419 993 1451 ornata
1012 1417 1212 1461 exspectat
1231 1407 1351 1448 domi.
1502 1417 1540 1439 ¹0

147 1485 216 1524 sed
251 1497 396 1530 eccam,
421 1482 554 1533 opino,
583 1479 753 1520 arcessit.
813 1479 931 1525 salue,
964 1477 1195 1517 Cleustrata.
1255 1474 1326 1514 CL.
1358 1481 1395 1512 et
1424 1481 1477 1518 tu,

1270 1538 1478 1578 Alcesime.

147 1614 216 1653 ubi
235 1622 302 1652 tua
322 1615 446 1652 uxor?
502 1614 575 1651 AL.
606 1611 711 1649 intus
731 1609 797 1649 illa
816 1617 865 1657 te,
888 1608 920 1647 si
940 1621 981 1646 se
1000 1618 1184 1653 arcessas,
1207 1612 1339 1643 manet
1354 1618 1364 1651 ς

149 1693 240 1718 nam
261 1679 343 1718 tuo'
363 1678 421 1717 uir
441 1692 504 1717 me
525 1677 650 1716 orauit
673 1684 714 1714 ut
735 1689 822 1715 eam
845 1675 919 1713 isto
939 1674 991 1712 ad
1014 1681 1052 1711 te
1072 1671 1252 1711 adiutum
1274 1669 1479 1708 mitterem.

149 1744 215 1783 uin
237 1746 408 1783 uocem?
465 1744 535 1783 CL.
568 1742 651 1780 sine
673 1754 760 1780 eam
779 1756 785 1779 :
817 1748 854 1779 te
876 1741 980 1786 nolo,
1008 1737 1039 1776 si
1059 1743 1253 1787 occupata
1279 1742 1348 1774 est.
1406 1737 1479 1773 AL.

1268 1808 1390 1839 otium
1413 1807 1482 1838 est.

65 1882 127 1919 545
151 1875 221 1914 CL.
254 1875 307 1913 nil
329 1887 469 1920 moror,
494 1875 658 1912 molesta
679 1872 714 1911 ei
736 1885 821 1911 esse
842 1872 950 1917 nolo;
991 1876 1080 1920 post
1101 1879 1337 1907 conuenero.
1507 1876 1541 1907 15

193 1988 257 2018 529
281 1989 319 2009 ac
332 1977 408 2009 add.
428 1977 596 2017 Kiessling
610 1977 671 2017 (iii.
692 1979 722 2013 ι)
782 1976 862 2015 sort.
876 1975 939 2006 nisi
957 1975 985 2005 si
1004 1975 1067 2005 sim
1085 1972 1135 2003 vel
1151 1972 1215 2002 nisi
1234 1971 1316 2002 siem
1386 1970 1483 2000 dicax

152 2023 236 2062 (·cas
270 2021 339 2061 PE)
374 2022 449 2052 uius
486 2021 601 2061 (uiuus
628 2019 667 2059 B,
698 2019 783 2050 uiuis
807 2018 876 2057 PE)
901 2018 968 2050 cod.
1004 2017 1031 2056 (i
1054 2022 1116 2057 pro
1143 2015 1168 2054 l)
1348 2023 1412 2052 530
1436 2013 1482 2044 in-

150 2066 332 2106 quisitione
363 2064 428 2096 cod.
460 2065 492 2104 (i.
517 2063 550 2102 5)
701 2073 775 2102 531,
798 2072 862 2101 532
885 2063 1010 2092 inverso
1036 2059 1148 2091 ordine
1173 2058 1261 2089 cod.:
1296 2058 1368 2089 irai.
1402 2055 1486 2086 Bn'x

151 2119 212 2149 531
239 2110 328 2149 quod
347 2109 580 2140 Camerarius:
608 2106 675 2148 [id]
699 2107 789 2146 quod
807 2105 871 2136 cod.
963 2115 1026 2144 532
1051 2105 1115 2134 huc
1135 2102 1208 2133 add.
1229 2101 1318 2132 Koch
1419 2109 1482 2139 534

152 2163 196 2183 ne
211 2152 286 2184 add.
306 2152 502 2185 saracenus,
524 2151 588 2181 illis
605 2150 694 2180 Koch
808 2159 870 2188 535
895 2149 1009 2179 accedit
1025 2147 1057 2177 A
1150 2146 1262 2177 uitulis
1280 2144 1311 2175 F
1420 2144 1484 2182 536

151 2194 262 2239 (huc)
284 2207 353 2235 egr.
379 2195 505 2227 Schoell
651 2194 714 2232 538
738 2194 897 2232 emptu’st
917 2191 1125 2222 Lambinus:
1156 2194 1290 2229 emptus
1328 2198 1393 2218 om.
1414 2188 1481 2224 est)

152 2240 184 2269 A
203 2251 210 2270 :
234 2245 367 2279 emptus
387 2245 438 2270 est
455 2238 488 2268 P
508 2238 613 2268 fetiam
631 2237 684 2267 ΡΑ
791 2237 902 2266 modio
920 2235 1038 2265 Dousa
1172 2243 1230 2272 541
1258 2232 1379 2271 opinor
1395 2228 1482 2260 codd.

153 2291 216 2322 542
241 2283 329 2314 illam
346 2283 378 2312 A
395 2295 401 2314 z
427 2282 525 2312 ellam
543 2281 676 2320 Sejfferz
781 2290 799 2318 5
812 2290 843 2317 33
870 2280 955 2309 istuc
973 2277 1060 2309 codd.
1133 2278 1279 2306 mitteret
1296 2275 1328 2304 A
1422 2282 1484 2314 544

154 2335 226 2356 eam
245 2332 278 2356 te
299 2326 413 2358 Goetz:
439 2326 540 2362 eamij
560 2324 592 2353 A
611 2335 617 2354 :
642 2334 709 2354 om.
731 2322 763 2354 P
