1727 2712
650 137 979 175 AVLVLARIA
1405 138 1482 176 ΙΙΙ,
1504 148 1536 175 v

157 263 328 301 namque
348 250 425 288 hoc
445 248 513 300 qui
533 248 639 289 dicat
662 235 763 299 ‘qiio
783 247 870 287 illae
890 248 1043 286 nubent
1061 246 1208 288 diuites
1507 263 1547 296 15

70 329 140 365 490
157 317 326 362 dotatae,
350 314 381 352 si
402 314 502 353 istuc
522 313 581 353 ius
602 313 839 365 pauperibus
860 313 1018 364 ponitur
1031 314 1068 352 ?'

156 394 237 432 quo
257 381 418 419 lubeant
439 381 602 427 nubant,
624 381 720 419 dum
741 381 814 418 dos
835 393 885 417 ne
905 380 971 417 fiat
991 392 1138 420 comes.

155 448 232 485 hoc
252 447 284 484 si
304 445 357 484 ita
377 446 454 492 fiat,
478 459 606 484 mores
627 444 807 483 meliores
828 443 903 482 sibi

153 517 302 562 parent,
324 523 396 560 pro
415 511 509 550 dote
529 524 630 561 quos
649 512 784 557 ferant,
808 523 927 560 quam
948 523 1054 548 nunc
1074 511 1215 560 ferunt,

155 589 228 627 ego
248 576 365 615 faxim
387 576 493 623 muli,
516 575 641 627 pretio
661 575 729 626 qui
749 582 936 625 superant
956 588 1092 626 equos,
1505 587 1549 611 20

67 653 134 689 495
157 642 257 681 sient
277 641 433 681 uiliores
455 641 616 681 Gallicis
636 641 857 681 cantheriis.

158 709 254 746 Evc.
287 707 339 745 ita
360 720 424 746 me
443 707 484 746 di
504 707 695 746 amabunt
715 714 757 745 ut
777 720 851 757 ego
871 708 978 746 hunc
998 708 1178 746 ausculto
1198 707 1351 746 lubens.

155 772 262 810 nimi'
282 771 412 822 lepide
431 771 522 811 fecit
542 772 664 811 uerba
682 773 733 810 ad
754 771 1044 822 parsimoniam.

157 839 240 876 ΜΕ.
272 838 380 875 nulla
399 836 514 887 igitur
534 836 639 876 dicat
663 836 870 886 ‘equidem
892 838 1027 875 dotem
1049 838 1099 875 ad
1120 844 1158 875 te
1178 835 1291 875 attuli

156 901 345 940 maiorem
366 903 492 940 multo
512 914 632 952 quam
652 901 724 940 tibi
745 909 825 940 erat
846 901 1040 952 pecunia3
1512 910 1552 942 ²5

71 976 138 1012 500
156 967 262 1005 enim
283 966 379 1004 mihi
399 966 562 1017 quidem
582 973 791 1017 aequomst
811 979 1024 1017 purpuram
1045 974 1164 1017 atque
1183 979 1324 1006 aurum
1343 966 1440 1015 dari,

157 1031 328 1078 ancillas,
352 1033 490 1078 mulos,
514 1031 721 1078 muliones,
744 1031 996 1082 pedisequos,

157 1096 426 1146 salutigerulos
446 1109 600 1146 pueros,
623 1096 778 1135 uehicla
798 1096 865 1147 qui
886 1098 1031 1136 uehar.'

158 1162 258 1199 Evc.
291 1170 333 1199 ut
354 1169 620 1200 matronarum
642 1161 706 1200 hic
727 1163 830 1201 facta
850 1162 1032 1212 pernouit
1052 1162 1200 1213 probe!

156 1227 323 1266 moribu'
342 1229 583 1278 praefectum
604 1227 811 1266 mulierum
833 1229 939 1267 hunc
960 1230 1106 1267 factum
1127 1229 1258 1269 uelim.
1509 1244 1550 1275 30

72 1303 134 1339 505
158 1294 241 1331 ΜΕ.
274 1306 380 1331 nunc
400 1306 563 1343 quoquo
583 1293 718 1331 uenias
739 1295 826 1344 plus
847 1295 1108 1344 plaustrorum
1130 1295 1169 1333 in
1190 1294 1357 1334 aedibus

155 1358 291 1397 uideas
312 1372 431 1409 quam
452 1359 540 1407 ruri,
563 1360 725 1409 quando
744 1361 795 1398 ad
817 1360 950 1398 uillam
972 1360 1137 1399 ueneris.

155 1424 226 1463 sed
246 1425 323 1463 hoc
344 1424 461 1462 e'tiam
483 1426 690 1475 pulchrum
712 1433 770 1463 est
791 1439 1004 1476 praequam
1027 1427 1094 1465 ubi
1117 1434 1296 1478 sumptus
1317 1434 1467 1478 petunt.

155 1496 230 1528 stat
249 1490 357 1537 fullo,
379 1490 553 1541 phyrgio,
576 1492 747 1537 aurusex,
771 1490 940 1529 lanarius
953 1505 966 1538 3

154 1568 354 1606 caupones
374 1555 585 1606 patagiarii‚
608 1555 819 1603 indusiarii,
1507 1573 1546 1605 35

69 1631 137 1668 510
156 1620 372 1668 flammarii‚
395 1620 556 1668 uiolarii,
580 1621 781 1670 carinarii3

155 1693 222 1724 aut
243 1686 482 1733 manulearii,
503 1694 570 1725 aut
591 1687 883 1734 murobatharii,

154 1752 342 1801 propolae
362 1750 566 1798 linteones,
589 1751 807 1790 calceolarii
821 1766 832 1800 ;

154 1815 364 1854 sedentarii
385 1823 535 1854 sutores
557 1816 819 1863 diabadrrarii,

154 1881 306 1919 solearii
327 1888 469 1930 astant,
489 1890 617 1920 astant
638 1882 881 1921 molocinarii
896 1897 906 1930 3
1504 1898 1549 1930 40

68 1955 132 1993 515
154 1954 294 1997 petunt
314 1948 492 1994 fullones,
515 1947 771 1986 sarcinatores
791 1955 932 1997 petunt
947 1963 957 1996 3

154 2011 374 2062 strophiarii
394 2020 533 2059 astant,
556 2020 684 2051 astant
705 2015 830 2051 semul
851 2013 1006 2052 zonarii.

196 2127 261 2156 490
284 2117 398 2148 dotata
422 2127 460 2147 es
484 2117 573 2147 istud
601 2117 652 2147 uis
675 2116 766 2148 cod.:
802 2128 880 2148 corr.
907 2117 1119 2148 Camerarius
1143 2117 1209 2153 (ius
1227 2117 1290 2155 V'2)
1423 2129 1484 2159 491

152 2160 288 2191 iubeant
304 2160 368 2191 cod.
392 2159 546 2200 (iubeant
562 2159 622 2198 3¹)
643 2161 689 2199 (v.
717 2161 771 2201 12)
905 2170 968 2201 507
993 2167 1148 2201 sumptus
1171 2162 1225 2192 ubi
1252 2161 1405 2192 Guietus:
1432 2163 1487 2193 ubi

152 2205 361 2243 sumptifices
378 2205 418 2244 (Ἰ.)
432 2204 496 2235 Leo
629 2205 693 2242 508
710 2205 851 2236 linarius
867 2205 910 2235 Βι
1023 2214 1087 2243 510
1111 2206 1243 2235 cariarii
1261 2205 1394 2235 Nonius
1409 2216 1482 2246 541,

152 2257 227 2286 549,
246 2248 305 2287 qui
317 2247 348 2278 h.
367 2258 499 2278 versum
512 2251 588 2288 post
611 2257 671 2287 521
698 2249 732 2278 in
757 2250 936 2289 exemplam·
956 2260 1016 2279 suo
1038 2250 1194 2279 invenisse
1216 2248 1349 2280 videtur.
1402 2248 1488 2279 Citat

152 2291 266 2321 saltem
283 2301 335 2323 vv.
352 2301 426 2331 519,
448 2301 507 2330 521
528 2295 603 2321 ante
619 2301 684 2330 510
703 2292 754 2331 (cf.
773 2291 917 2333 adsrag.
937 2293 960 2322 i}
1096 2303 1156 2331 511
1182 2293 1421 2331 myrobaptarii
1440 2294 1482 2333 (ἓ)

151 2332 218 2364 Leo
316 2345 380 2374 513
404 2335 603 2366 diobatharii
624 2334 713 2366 cod.:
736 2346 814 2366 corr.
841 2335 1008 2366 Turnebus
1095 2338 1160 2375 516
1183 2336 1396 2366 semisonarii
1414 2336 1479 2369 cod.

152 2377 202 2419 (ul
214 2382 276 2418 per
285 2378 449 2419 compend.
473 2380 628 2420 scriptum
645 2379 726 2419 erat)
746 2390 753 2409 t
777 2389 854 2410 corr.
872 2378 938 2411 Leo
