1727 2712
587 108 944 147 MENAECHMI
1382 106 1436 143 II.
1457 104 1488 141 ii

17 238 84 273 300
103 220 169 271 qui
188 219 357 259 amicam
378 220 502 259 habes
522 234 628 258 eram
650 234 780 259 meam
801 222 904 259 hanc
927 219 1137 259 Erotium?

103 287 217 323 ΜΕΝ.
250 299 379 335 neque
400 286 531 323 hercle
551 299 624 335 ego
645 286 774 323 habeo
796 299 925 335 neque
946 293 984 324 te
1005 285 1092 335 quis
1113 286 1235 323 homo
1251 283 1302 322 sis
1323 282 1416 321 scio.

102 351 172 390 CY.
204 364 285 388 non
306 350 381 388 scis
402 350 489 400 quis
510 364 584 400 ego
604 350 692 397 sim,
713 350 780 400 qui
801 350 872 388 tibi
891 350 1134 400 saepissume

102 415 296 465 cyathisso
316 417 423 466 apud
443 429 527 463 nos,
550 417 712 465 quando
733 417 875 465 potas?
932 417 1038 453 MES.
1071 415 1105 454 ei
1126 414 1234 461 mihi,
1455 429 1499 460 30

103 494 224 531 quom
245 481 342 519 nihil
362 489 420 519 est
441 481 509 531 qui
530 481 608 519 illic
629 480 782 519 homini
803 480 1065 519 dimminuam
1086 488 1205 530 caput
1222 483 1229 518 !

19 557 81 595 305
105 548 218 584 ΜΕΝ.
251 554 321 584 tun
341 546 578 596 cyathissare
599 545 696 584 mihi
717 548 830 593 soles,
854 546 921 596 qui
942 553 1033 584 ante
1054 547 1161 584 hunc
1182 545 1288 584 diem

104 611 372 662 Epidamnum
393 625 611 661 numquam
633 611 715 650 uidi
737 625 867 662 neque
888 611 1009 650 ueni?
1066 612 1137 650 Cv.
1169 611 1318 661 negas?

103 678 218 715 MEN.
250 691 352 727 nego
372 678 502 715 hercle
523 690 628 714 uero.
689 678 761 716 Cv.
794 690 875 714 non
897 684 939 714 tu
959 676 999 714 in
1020 676 1142 714 illisce
1161 675 1328 714 aedibus

102 742 285 780 habitas?
320 744 434 780 MEN.
457 742 499 780 di
515 741 601 780 illos
616 741 799 780 homines
816 741 884 791 qui
897 740 1011 794 illi[c]
1028 741 1207 780 habitant
1223 741 1409 791 perduint
1429 743 1435 778 1
1456 754 1495 785 35

103 808 174 846 (ΞΥ.
206 807 349 845 insanit
369 807 610 857 hicquidem,
634 807 701 857 qui
723 807 806 857 ipse
828 809 930 845 male
950 807 1046 845 dicit
1066 807 1151 845 sibi.

18 885 86 920 310
101 872 233 920 audin,
253 874 547 911 Menaechme?
604 875 720 911 ΜΕΝ.
744 872 841 922 quid
863 873 950 911 uis?
1007 874 1078 912 Cv.
1111 872 1142 910 si
1160 885 1222 910 me
1237 873 1433 918 consulas,

101 952 308 976 nummum
330 938 440 976 illum
461 952 582 988 quem
604 938 699 976 mihi
722 939 876 976 dudum
900 937 1107 988 pollicitu's
1128 938 1221 976 dare

102 1002 211 1054 (nam
233 1011 274 1041 tu
295 1003 457 1053 quidem
479 1005 609 1042 hercle
631 1012 738 1042 certo
758 1016 838 1041 non
861 1005 990 1041 sanu's
1010 1002 1114 1050 satis,

105 1070 379 1116 Menaechme,
402 1068 470 1119 qui
491 1082 597 1107 nunc
617 1068 725 1119 ipsus
746 1070 849 1107 male
869 1068 978 1107 dicas
999 1067 1087 1118 tibi)
1456 1079 1498 1110 40

5 1148 81 1185 14-5
102 1134 248 1180 iubeas,
271 1134 303 1172 si
324 1134 461 1184 sapias,
485 1135 692 1184 porculum
713 1133 855 1172 adferri
875 1133 956 1171 tibi.

104 1201 208 1237 MES.
241 1211 292 1238 eu
311 1200 441 1237 hercle
464 1199 669 1238 hominem
693 1200 861 1237 multum
884 1207 922 1237 et
943 1198 1128 1237 odiosum
1150 1197 1272 1236 mihi!

102 1266 172 1304 CY.
205 1266 303 1302 solet
325 1264 443 1302 iocari
464 1278 581 1315 saepe
602 1278 760 1302 mecum
780 1264 872 1302 illoc
893 1265 1024 1302 modo.

100 1343 219 1379 quam
240 1329 299 1368 uis
320 1329 506 1368 ridiculus
528 1337 597 1376 est,
620 1329 689 1367 ubi
710 1343 806 1367 uxor
826 1343 906 1367 non
928 1330 1050 1367 adest.

100 1394 196 1445 quid
216 1394 272 1433 ais
293 1397 364 1433 tu?
421 1395 518 1444 quid
538 1395 605 1442 ais,
630 1394 804 1444 inquam.
865 1394 965 1432 satin
988 1396 1064 1432 hoc
1085 1395 1194 1444 quod
1215 1393 1327 1433 uides
1455 1402 1496 1434 45

18 1470 85 1507 320
102 1460 214 1498 tribu’
235 1460 350 1499 uobis
370 1468 659 1510 opsonatumst,
679 1474 729 1498 an
750 1474 904 1510 opsono
924 1460 1104 1509 amplius,

102 1525 174 1563 tibi
192 1533 230 1564 et
251 1525 420 1575 parasito
441 1533 478 1564 et
500 1525 682 1563 mulieri?
740 1527 855 1563 ΜΕΝ.
889 1538 986 1575 quas
1009 1523 1084 1576 [tu]
1106 1524 1300 1572 mulieres,

101 1603 200 1640 quos
221 1598 262 1628 tu
282 1590 472 1641 parasitos
493 1592 683 1640 loquere?
741 1592 845 1628 MES.
878 1591 987 1640 quod
1009 1598 1046 1628 te
1066 1598 1176 1640 urget
1196 1591 1323 1628 scelus

100 1655 167 1706 qui
187 1656 279 1694 huic
300 1656 350 1694 sis
372 1658 590 1695 molestus?
647 1657 717 1695 (ΣΥ.
751 1655 847 1705 quid
868 1655 939 1694 tibi
961 1669 1116 1694 mecum
1139 1663 1196 1694 est
1216 1654 1301 1694 rei?

100 1735 174 1772 ego
194 1729 232 1760 te
251 1735 333 1760 non
353 1721 445 1759 noui
465 1737 471 1759 :
501 1735 592 1759 cum
615 1722 690 1759 hoc
711 1734 830 1771 quem
852 1720 947 1759 noui
966 1721 1131 1759 fabulor.
1453 1732 1497 1765 50

17 1802 79 1839 325
103 1789 206 1825 MES.
240 1801 320 1826 non
341 1788 484 1837 edepol
504 1789 546 1824 tu
567 1788 689 1824 homo
710 1800 828 1824 sanus
849 1800 901 1833 es,
924 1794 1031 1825 certo
1052 1785 1144 1824 scio.

102 1854 172 1892 CY.
205 1852 281 1890 iam
303 1866 395 1902 ergo
416 1853 513 1890 haec
535 1852 753 1890 madebunt
774 1853 874 1898 faxo,
898 1851 951 1889 nil
973 1850 1198 1890 morabitur.

101 1917 214 1968 proin
235 1925 276 1955 tu
297 1931 346 1955 ne
367 1930 447 1967 quo
467 1917 586 1955 abeas
607 1917 761 1967 longius
781 1917 831 1954 ab
851 1917 1028 1955 aedibus.

144 2032 209 2060 300
232 2022 356 2052 habeas
372 2021 406 2051 P
534 2030 594 2060 301
624 2031 687 2060 ego
704 2031 770 2051 om.
790 2020 824 2050 P
908 2022 963 2060 qui
985 2020 1030 2060 A,
1049 2021 1155 2060 sedes.
1176 2019 1312 2060 Seyffert
1328 2020 1429 2060 (Berl.

100 2065 185 2096 Phil.
212 2065 318 2096 W‘och.
342 2074 389 2102 13.
410 2064 487 2103 2795
593 2074 723 2104 303-42
748 2063 872 2095 deeslA
980 2075 1043 2104 303
1067 2070 1156 2095 totas
1173 2063 1240 2094 cod.
1257 2070 1347 2103 &corn
1366 2063 1432 2103 ΒΞ)

99 2118 162 2147 305
186 2108 279 2139 Tunc
296 2108 362 2139 cod.
387 2109 479 2148 (corr.
495 2108 529 2138 in
546 2107 593 2148 Β)
727 2109 792 2147 308
816 2109 921 2139 habes
937 2109 1081 2149 Scyfflrt,
1098 2107 1249 2148 rhythmo
1266 2107 1434 2137 consulens

98 2162 163 2190 que
181 2152 245 2183 cod.
268 2154 361 2193 (corr.
378 2152 438 2189 ΒΖ)
528 2162 593 2191 309
609 2152 745 2191 quidem
763 2152 895 2192 Bentley
910 2165 916 2183 :
942 2153 1098 2192 equidem
1116 2151 1180 2181 cod.
1250 2151 1322 2189 ipse
1334 2151 1408 2181 Ital.
1425 2162 1433 2181 τ

99 2196 132 2226 id
149 2206 185 2226 se
201 2196 266 2227 cod.
291 2196 337 2237 (D
348 2202 410 2236 pro
428 2196 468 2236 P)
486 2207 493 2226 :
515 2195 566 2226 vel
579 2197 672 2236 ipsus
775 2198 841 2234 316
857 2207 899 2227 eu
919 2196 1151 2227 Cameran'us:
1176 2200 1210 2225 tu
1227 2194 1291 2225 cod.
1311 2194 1354 2234 (T
1373 2198 1435 2233 pro

101 2239 147 2275 E;
171 2240 213 2271 vi.
237 2242 268 2278 Ι)
329 2240 386 2270 vix
399 2239 538 2270 hercule
627 2249 692 2279 319
709 2240 788 2278 quid
805 2240 855 2270 ais
873 2240 893 2271 i.
911 2240 1108 2271 Goldbaclter
1123 2238 1242 2277 (H'z'en.
1262 2237 1361 2269 stud.
1381 2247 1429 2276 19,

103 2284 178 2323 117)
195 2295 201 2313 :
227 2284 284 2323 qui
300 2284 353 2314 uis
369 2284 390 2314 i.
412 2283 475 2315 cod.
495 2295 501 2314 z
527 2283 605 2322 quid
623 2284 676 2313 uis
693 2284 712 2314 i.
728 2283 802 2314 Ital.
895 2285 977 2323 quid
995 2285 1044 2314 ais
1067 2286 1123 2314 tu?
1151 2283 1241 2313 ΜΕΝ.
1261 2281 1351 2320 Quid
1370 2281 1432 2319 uis,

100 2327 234 2366 inquam
252 2328 313 2358 CY.
333 2327 410 2366 (CY.
430 2326 505 2357 add.
523 2327 615 2361 Ital.)
633 2326 736 2356 Bothe
880 2338 939 2366 321
969 2334 1002 2358 tu
1022 2327 1078 2357 del.
1098 2326 1238 2365 vaades
1368 2334 1433 2363 322

102 2372 263 2410 paratitos
281 2371 346 2402 cod.
494 2380 557 2410 327
582 2370 624 2401 ab
640 2368 777 2412 (hisce)
793 2370 885 2411 Brix,
907 2382 988 2401 nam
1005 2371 1139 2410 longius
1155 2372 1339 2410 suspectum

145 2441 266 2464 ΡιΛντ.
284 2440 296 2461 1
1300 2429 1343 2458 26
