1727 2712
629 97 946 137 MERCATOR
1377 93 1446 130 IV.
1467 91 1482 128 i

126 208 190 246 Sv.
222 207 391 258 disperii,
414 208 509 258 perii
531 208 681 256 misera,
704 223 777 248 uae
797 208 961 248 miserae
981 207 1101 246 mihi!
1215 208 1220 214 '
1474 214 1513 247 15

127 274 205 311 Do.
238 272 338 311 satin
359 281 399 311 tu
422 275 560 322 sana's,
581 276 775 324 opsecro?
804 273 901 323 quid
921 273 1072 312 eiulas?

125 339 189 376 Sv.
223 337 411 388 Dorippa,
436 352 523 377 mea
545 339 732 389 Dorippa.
794 340 870 377 Do.
904 338 1000 388 quid
1021 339 1177 383 clamas,
1201 335 1395 387 opsecro?

84 416 87 417 ⁷
124 404 189 441 SY.
220 403 495 453 nescioquaest
516 404 654 442 mulier
674 404 778 442 intus
798 404 862 442 hic
883 403 923 441 in
942 403 1118 442 aedibus.

37 470 104 515 685
127 469 203 506 Do.
233 467 340 517 quid,
365 468 532 507 mulier?
587 471 649 508 Sv.
674 469 812 508 mulier
831 468 1021 508 meretrix.
1082 470 1159 506 Do.
1182 480 1304 505 ueron
1325 464 1455 504 serio?

126 534 189 571 Sv.
222 532 388 571 nimium
411 534 485 572 scis
506 547 641 583 sapere
661 534 738 572 ruri
758 547 860 584 quae
879 547 960 573 non
982 532 1180 573 manseris.
1476 539 1516 561 20

125 597 330 648 quamueis
351 597 539 649 insipiens
560 607 711 650 poterat
731 599 1012 650 persentiscere

127 677 145 698 *
259 676 277 696 *
391 677 408 697 *
523 678 541 699 *
655 678 673 698 *
786 677 805 699 *

125 727 231 766 illam
251 742 337 767 esse
356 729 523 768 amicam
546 730 601 768 tui
622 730 693 768 uiri
714 730 940 769 bellissumi.

128 795 204 833 Do.
237 795 356 833 credo
379 803 581 834 mecastor.
643 798 705 834 Sv.
738 795 749 833 i
771 797 844 834 hac
865 809 1033 842 mecum,
1056 802 1098 832 ut
1119 793 1254 833 uideas
1275 793 1401 832 semul

38 860 109 904 690
126 866 234 897 tuam
255 861 517 898 Alcumenam
539 860 744 911 paelicem,
766 862 868 899 Iuno
889 874 1044 898 mea.—

128 925 204 963 Do.
236 932 388 964 ecastor
409 939 503 964 uero
524 925 623 964 istuc
643 939 691 964 eo
712 933 904 976 quantum
925 932 1122 975 potest.—
1477 932 1516 963 25

612 1037 977 1074 LYSIMACHVS
1475 1034 1506 1072 ii

128 1119 198 1156 Lv.
231 1120 428 1156 Parumne
448 1117 506 1156 est
527 1117 642 1155 malai
662 1117 716 1156 rei
737 1119 844 1167 quod
864 1125 969 1155 amat
991 1115 1203 1167 Demipho,

128 1184 167 1221 ni
189 1192 444 1234 sumptuosus
464 1183 623 1233 insuper
643 1183 761 1221 etiam
783 1182 883 1221 siet?

127 1251 267 1288 decem
289 1251 321 1288 sl'
343 1257 523 1288 uocasset
543 1262 719 1287 summos
740 1249 790 1287 ad
811 1261 950 1286 cenam
971 1247 1086 1295 uiros,

39 1320 106 1364 695
128 1315 294 1353 nimium
316 1314 536 1365 opsonauit.
596 1315 665 1352 sed
687 1327 847 1364 coquos,
871 1312 982 1364 quasi
1002 1313 1041 1351 in
1063 1311 1159 1351 mari

127 1382 226 1419 solet
246 1382 422 1419 hortator
441 1379 606 1429 remiges
626 1379 824 1426 hortarier,
1474 1392 1494 1424 5

126 1445 179 1484 ita
199 1447 437 1485 hortabatur.
496 1454 652 1497 egomet
673 1445 845 1485 conduxi
865 1458 1048 1496 coquom.

127 1513 198 1550 sed
218 1526 309 1550 eum
330 1512 502 1551 demiror
522 1525 603 1551 non
624 1511 758 1550 uenire
779 1519 821 1550 ut
841 1511 1039 1550 iusseram.

128 1578 198 1616 sed
219 1577 312 1616 hinc
333 1579 495 1628 quinam
515 1591 539 1616 a
560 1577 675 1616 nobis
696 1577 802 1616 exit?
830 1577 999 1628 aperitur
1019 1576 1121 1616 foris.

426 1691 684 1729 DORIPPA
795 1689 1162 1726 LYSIMACHVS
1479 1687 1525 1726 iii

43 1781 111 1816 700
131 1770 207 1809 Do.
241 1771 424 1811 Miserior
444 1772 583 1810 mulier
604 1785 667 1810 me
687 1784 760 1810 nec
781 1771 848 1809 fiet
868 1783 942 1808 nec
962 1768 1044 1816 fuit,

129 1836 195 1874 tali
216 1836 300 1875 uiro
321 1851 422 1887 quae
444 1837 653 1887 nupserim.
715 1838 791 1874 heu
813 1835 978 1874 miserae
999 1834 1093 1872 mihi
1112 1837 1118 1872 1

128 1916 191 1940 ern
213 1902 306 1952 quoi
326 1910 364 1941 te
385 1910 423 1941 et
443 1911 510 1940 tua
530 1916 631 1952 quae
652 1909 693 1940 tu
714 1902 860 1940 habeas
882 1901 1139 1939 commendes
1159 1899 1253 1946 uiro,

129 1980 192 2006 em
213 1967 307 2018 quoi
327 1969 467 2006 decern
488 1969 634 2006 talenta
655 1966 758 2005 dotis
779 1966 913 2013 detuli,

129 2033 227 2071 haec
248 2040 290 2071 ut
311 2032 499 2079 uiderem,
522 2040 564 2070 ut
585 2033 723 2070 ferrem
745 2032 815 2069 has
836 2030 1094 2069 contumelias
1112 2033 1118 2068 Ξ
1481 2039 1498 2071 5

173 2138 325 2176 681—713
345 2137 547 2176 paucissima
573 2140 700 2166 servata
727 2136 761 2165 in
786 2135 819 2165 A
962 2136 1023 2165 681
1051 2134 1196 2173 dispersi
1224 2132 1258 2163 P
1397 2136 1462 2174 683

131 2180 271 2220 clamas]
287 2181 369 2219 sort.
397 2191 484 2211 nunc
513 2181 557 2220 (v.
589 2180 634 2217 IN,
662 2190 743 2209 nam
770 2180 929 2218 Dorippa.
958 2179 1036 2218 quid
1066 2178 1191 2209 clamas
1216 2177 1273 2208 vix
1286 2177 1461 2217 serendum

130 2226 192 2264 687
213 2228 288 2264 post
305 2225 392 2255 hunc
406 2235 434 2254 v.
456 2224 543 2255 alius
561 2224 595 2253 in
612 2223 644 2252 A
664 2223 795 2254 extabat
935 2224 1000 2260 689
1024 2221 1055 2252 ei
1075 2221 1140 2252 cod.
1165 2221 1318 2261 (antiqua
1325 2222 1461 2261 forma)

128 2269 193 2307 694
217 2269 259 2298 ad
283 2279 400 2299 cenam
423 2272 578 2298 uocasset
598 2278 746 2297 summos
767 2266 851 2296 cod:
877 2266 948 2296 trat'.
971 2265 1037 2296 Leo
1182 2267 1246 2305 695
1270 2265 1320 2296 vel
1332 2266 1460 2304 quamsi

129 2313 192 2350 697
210 2321 350 2351 coquam
366 2311 429 2342 cod.
522 2313 586 2350 699
609 2311 744 2350 quinam
763 2311 839 2340 hinc
857 2309 919 2340 cod.
940 2321 946 2340 :
968 2310 1040 2340 trai.
1055 2307 1201 2340 Sclzoell:
1218 2309 1274 2348 qui
1290 2309 1368 2340 hinc
1385 2320 1460 2340 narn

130 2355 191 2385 aliz·
321 2365 383 2394 703
408 2355 569 2386 talentam
585 2354 652 2385 cod.
1480 2376 1499 2383 x
