1676 2722
668 145 1016 186 AMPHITRVO
1468 143 1496 180 Ι.
1519 143 1534 178 i

66 270 153 313 164³
279 262 346 314 qui
366 263 444 301 hoc
464 260 593 300 noctis
613 273 636 299 a
655 267 770 311 portu

69 331 154 376 164b
334 326 506 378 ingratiis
527 325 721 365 excitauit.

87 400 151 445 165
226 407 359 433 nonne
379 392 486 432 idem
507 393 584 431 huc
605 391 683 430 luci
705 404 768 430 me
789 390 943 429 mittere
963 389 1120 440 potuit?

281 459 472 508 opulento
493 456 646 496 homini
667 457 743 495 hoc
765 455 932 494 seruitus
953 456 1051 494 dura
1072 461 1141 501 est,

280 524 358 562 hoc
379 522 494 573 magi'
516 522 632 560 miser
653 529 712 560 est
732 521 856 560 diuiti'
878 533 1036 559 seruos:
1529 531 1566 564 15

174 596 392 638 noctesque
412 587 576 637 diesque
596 586 766 626 adsiduo
787 585 879 624 satis
901 598 1096 635 superque
1117 592 1176 623 est

175 654 284 704 quod
304 654 408 691 facto
428 660 496 690 aut
517 652 625 691 dicto
645 652 757 690 adest
778 664 890 701 opus,
913 650 1060 700 quietu'
1082 663 1131 688 ne
1153 649 1217 688 sis.

91 731 158 767 170
175 719 258 770 ipse
278 718 456 758 dominu'
477 717 590 757 diues
611 716 752 767 operis,
777 714 851 770 [et]
874 715 1020 754 laboris
1041 728 1190 765 expers,

175 786 490 836 quodquomque
510 782 663 822 homini
683 782 826 821 accidit
848 782 994 828 lubere,
1017 794 1134 831 posse
1155 788 1282 819 retur:

175 863 346 900 aequom
367 862 453 888 esse
473 856 594 899 putat,
619 861 700 886 non
722 854 875 898 reputat
896 846 1031 885 labori’
1053 846 1149 896 quid
1170 845 1230 892 sit,
1530 859 1570 880 20

230 929 304 954 nec
323 927 494 965 aequom
515 927 618 952 anne
638 913 818 963 iniquom
839 912 1004 961 imperet
1025 911 1224 960 cogitabit.

230 994 322 1031 ergo
343 980 383 1018 in
404 978 592 1018 seruitute
612 985 801 1028 expetunt
821 979 944 1015 multa
964 976 1099 1026 iniqua
1116 992 1122 1014 :

93 1056 156 1094 175
231 1046 462 1084 habendum
483 1052 521 1083 et
542 1044 753 1082 ferundum
773 1044 850 1081 hoc
871 1050 989 1080 onust
1010 1055 1101 1079 cum
1123 1041 1270 1079 labore.

233 1112 317 1149 ΜΕ.
350 1110 487 1148 satiust
508 1123 571 1147 me
592 1108 702 1159 queri
723 1108 789 1146 illo
811 1109 933 1145 modo
955 1106 1184 1145 seruitutem
1202 1122 1209 1144 :

286 1175 406 1214 hodie
427 1174 494 1225 qui
515 1174 654 1212 fuerim
676 1173 783 1220 liber,
807 1186 898 1212 eum
920 1185 1025 1210 nunc
1531 1184 1545 1205 2
1552 1185 1569 1214 5

286 1240 428 1291 potiuit
449 1247 559 1290 pater
578 1238 776 1277 seruitutis
794 1253 804 1285 ,-

288 1305 352 1344 hic
373 1305 440 1355 qui
461 1317 581 1343 uerna
601 1312 733 1342 natust
754 1303 937 1353 queritur.

93 1376 159 1410 180
180 1372 244 1410 So.
278 1384 365 1409 sum
386 1383 480 1408 uero
502 1383 623 1408 uerna
643 1369 831 1407 uerbero:
863 1381 1028 1406 numero
1050 1367 1145 1406 mihi
1170 1367 1209 1405 in
1232 1374 1406 1405 mentem
1428 1365 1498 1404 fuit

179 1437 240 1475 dis
260 1436 539 1475 aduenientem
561 1434 701 1484 gratias
723 1447 793 1484 pro
814 1433 961 1472 meritis
981 1446 1095 1483 agere
1116 1441 1235 1482 atque
1255 1432 1447 1483 adloqui?

179 1516 229 1541 ne
249 1502 304 1540 illi
324 1502 467 1551 edepol
488 1500 519 1539 si
541 1499 680 1538 merito
701 1513 790 1538 meo
811 1500 950 1537 referre
971 1500 1156 1537 studeant
1176 1498 1353 1548 gratiam,
1533 1508 1575 1539 30

177 1568 351 1618 aliquem
378 1566 582 1605 hominem
606 1566 790 1615 adlegent
815 1564 882 1614 qui
910 1564 1006 1602 mihi
1033 1564 1261 1602 aduenienti
1287 1577 1330 1602 os
1358 1563 1513 1601 occillet

1377 1629 1512 1679 probe,

180 1697 367 1749 quoniam
395 1697 499 1736 bene
525 1709 627 1747 quae
653 1695 693 1734 in
721 1708 784 1734 me
811 1696 987 1734 fecerunt
1012 1694 1162 1745 ingrata
1182 1708 1227 1733 ea
1249 1694 1368 1732 habui
1396 1701 1515 1743 atque

1388 1758 1512 1797 inrita.

98 1832 160 1877 185
184 1830 267 1868 ME.
299 1827 391 1867 facit
420 1827 484 1866 ille
518 1828 627 1877 quod
661 1828 780 1876 uolgo
814 1827 892 1864 hau
924 1827 1063 1872 solent,
1096 1833 1138 1864 ut
1173 1825 1269 1875 quid
1304 1838 1345 1863 se
1380 1824 1428 1862 sit
1462 1824 1516 1863 di-

1265 1903 1386 1940 gnum
1407 1889 1513 1928 sciat.

185 1961 248 1999 So.
281 1960 390 2009 quod
429 1971 646 2008 numquam
686 1957 869 2007 opinatus
908 1957 962 1995 fui
1002 1970 1131 2007 neque
1169 1956 1267 1994 alius
1308 1956 1516 2006 quisquam

1370 2021 1517 2058 ciuium

185 2091 259 2130 sibi
280 2099 525 2137 euenturum,
548 2089 589 2128 id
609 2088 783 2138 contigit,
807 2096 849 2127 ut
870 2089 966 2127 salui
987 2096 1212 2139 poteremur
1233 2087 1352 2125 domi.
1540 2098 1577 2129 35

234 2198 293 2235 165
317 2196 381 2226 hoc
404 2194 481 2229 cod.,
506 2195 642 2234 antiqua
665 2193 784 2232 forma
964 2195 1024 2232 169
1048 2194 1137 2232 quod
1165 2193 1322 2223 Mueller:
1356 2202 1423 2231 quo
1449 2191 1515 2222 cod.

185 2249 270 2279 opus
294 2245 352 2270 aut
377 2240 407 2270 d.
432 2239 549 2269 adeost
574 2236 808 2278 (Lachmann)
826 2237 936 2268 Havet
1029 2247 1087 2275 170
1112 2237 1161 2267 vel
1182 2237 1243 2276 ips’
1269 2236 1425 2267 dominus
1487 2240 1519 2266 et

186 2283 242 2314 del.
257 2283 368 2313 Havet
458 2292 517 2321 173
529 2286 605 2322 post
617 2283 678 2311 160
689 2282 823 2311 iteratus
837 2281 883 2320 (ii.
904 2282 932 2317 6,
953 2291 984 2320 p.
1006 2282 1079 2319 1033
1165 2280 1311 2319 179sort.
1330 2280 1519 2318 queretur2‚

187 2330 223 2356 ut
242 2327 388 2357 bacchius
402 2327 470 2365 fiat
562 2325 623 2355 180
648 2335 789 2355 numero
809 2328 948 2355 testatur
965 2324 1096 2354 Nonius
1116 2333 1177 2363 352
1195 2336 1201 2354 ς
1227 2334 1316 2353 nunc
1337 2333 1418 2353 uero
1436 2321 1519 2352 cod.:

187 2381 265 2400 num
283 2380 422 2400 numero
448 2369 512 2399 Leo
670 2370 729 2398 182
753 2369 894 2407 gratiam
921 2367 1014 2404 Rem,
1035 2367 1174 2408 Langen
1201 2368 1224 2406 (⁴
1238 2366 1418 2407 Beilraege'
1440 2366 1493 2395 11⁸>
1512 2377 1518 2395 :

187 2415 313 2452 gratias
328 2413 393 2445 cod.
409 2414 460 2452 (cf.
483 2413 558 2450 181)
665 2413 722 2450 184
747 2413 803 2451 qui
819 2411 885 2443 cod.
910 2418 1008 2450 ‘quae
1025 2411 1091 2449 PE)
1193 2411 1251 2451 187
1278 2410 1368 2441 domi
1384 2414 1520 2440 testatur

186 2456 315 2488 Nonius
331 2457 394 2496 498
408 2468 414 2488 :
439 2458 575 2487 domum
592 2455 657 2487 cod.
