1727 2702
153 123 274 163 11.iii
648 127 693 164 T.
729 127 909 165 MACCI
942 128 1145 165 PLAVTI

229 233 302 273 Cv.
339 234 415 273 hau
455 234 578 285 magis
616 235 727 286 cupis
766 249 885 286 quam
925 249 999 286 ego
1037 243 1076 275 te
1112 236 1241 287 cupio.
1302 239 1376 276 ΡΗ.
1413 250 1438 276 o
1471 250 1560 277 mea
1577 248 1644 288 303
1677 237 1695 294 ᾗ

1274 301 1557 352 opportunitas,
1684 315 1685 318 ’

228 363 416 403 Curculio
436 371 629 415 exoptate,
652 367 771 404 salue.
831 367 903 406 Cv.
936 367 1054 404 salue.
1115 368 1188 404 PH.
1221 368 1372 405 saluom
1392 367 1547 417 gaudeo

228 435 266 467 te
285 428 483 467 aduenire.
534 430 635 468 cedo
651 436 757 467 tuam
776 429 829 468 mi
849 431 1060 468 dexteram.
1110 430 1177 469 ubi
1199 438 1290 469 sunt
1310 443 1399 480 spes
1417 432 1559 470 meae?

226 494 422 544 eloquere,
459 507 624 544 opsecro
665 495 803 533 hercle.
865 496 937 534 Cv.
969 496 1165 545 eloquere,
1201 495 1240 534 te
1277 496 1453 545 opsecro,
1490 495 1557 534 ubi

1306 567 1397 598 sunt
1417 561 1558 598 meae?

164 639 206 672 30
227 625 300 664 PH.
332 624 430 675 quid
467 623 604 663 tibist?
661 625 733 664 Cv.
765 625 950 664 tenebrae
983 625 1226 672 oboriuntur,
1261 638 1389 675 genua
1427 624 1558 664 inedia

1334 689 1553 729 succidunt.

226 755 300 792 PH.
323 754 554 794 lassitudine
569 756 700 794 hercle
719 756 849 794 credo.
902 755 974 794 Cv.
996 755 1129 801 retine,
1146 754 1268 793 retine
1285 768 1359 802 me,
1377 767 1553 804 opsecro.
1575 764 1644 800 310

224 819 300 858 ΡΗ.
331 819 452 858 uiden
472 826 515 857 ut
534 820 752 870 expalluit?
781 819 890 858 datin
912 819 973 857 isti
993 821 1141 866 sellam,
1163 819 1231 858 ubi
1251 819 1417 866 adsidat,
1440 819 1520 858 cito

222 891 261 923 et
298 885 481 934 aqualem
520 897 611 923 cum
649 886 782 935 aqua?
828 884 1051 935 properatin
1090 884 1229 922 ocius?
1304 885 1375 924 Cv.
1421 884 1555 923 animo

1361 950 1463 988 male
1482 957 1550 987 est.

223 1014 295 1052 ΡΑ.
324 1013 392 1052 uin
411 1027 554 1064 aquam
570 1016 587 1053 ?
643 1015 715 1054 Cv.
748 1014 779 1052 si
800 1016 1030 1053 frustulenta
1049 1021 1122 1062 est,
1141 1015 1207 1061 da,
1226 1026 1390 1064 opsecro
1410 1014 1550 1061 hercle,

1304 1079 1553 1129 opsorbeam.

162 1156 200 1188 35
223 1145 291 1182 ΡΑ.
323 1157 397 1183 uae
426 1144 543 1194 capiti
574 1147 666 1183 tuo!
711 1145 784 1184 Cv.
815 1157 980 1195 opsecro
1009 1145 1153 1192 hercle,
1174 1143 1289 1182 facite
1319 1150 1483 1182 uentum
1509 1150 1552 1182 ut

1343 1209 1548 1259 gaudeam.

221 1274 292 1312 ΡΑ.
327 1287 522 1313 maxume.
598 1275 669 1314 Cv.
702 1274 799 1324 quid
837 1274 973 1322 facitis,
1015 1275 1192 1324 quaeso?
1268 1275 1335 1312 ΡΑ.
1373 1281 1546 1312 uentum.
1569 1282 1634 1319 315

1029 1340 1100 1378 Cv.
1133 1340 1228 1377 nolo
1248 1337 1432 1388 equidem
1454 1337 1549 1376 mihi

219 1404 300 1444 fieri
321 1406 537 1444 uentulum.
590 1407 663 1443 PH.
687 1404 783 1455 quid
804 1404 918 1454 igitur
939 1402 1063 1457 [uis]?
1111 1404 1181 1442 Cv.
1205 1416 1304 1449 esse,
1324 1411 1366 1441 ut
1386 1410 1547 1441 uentum

1342 1468 1545 1518 gaudeam.

218 1536 287 1573 ΡΑ.
320 1535 498 1586 Iuppiter
518 1543 555 1574 te
576 1535 696 1585 dique
716 1536 882 1584 perdant
900 1537 906 1572 l
951 1535 1023 1572 Cv.
1054 1533 1164 1584 perii,
1179 1532 1377 1583 prospicio
1396 1545 1547 1583 parum,

215 1613 436 1651 gramarum
456 1601 586 1638 habco
606 1601 745 1638 dentes
766 1601 914 1649 plenos,
937 1598 1106 1649 lippiunt
1127 1599 1258 1636 fauces
1278 1599 1391 1644 same,

153 1682 198 1714 40
216 1665 270 1704 ita
289 1665 366 1704 cibi
388 1664 598 1704 uaciuitate
618 1664 737 1703 uenio
757 1663 867 1702 lassis
887 1663 1064 1701 lactibus.

218 1732 291 1770 PH.
324 1731 400 1769 iam
435 1731 529 1769 edes
562 1729 722 1780 aliquid.
783 1729 855 1768 CV.
892 1730 985 1767 nolo
1018 1729 1148 1767 hercle
1181 1728 1353 1778 aliquid:
1393 1735 1544 1767 certum
1563 1741 1632 1776 320

1064 1806 1183 1842 quam
1203 1792 1352 1842 aliquid
1372 1794 1542 1831 mauolo.

217 1862 286 1899 ΡΑ.
328 1860 451 1899 immo
484 1859 515 1898 si
550 1859 650 1898 scias
684 1858 870 1909 reliquiae
904 1871 1005 1908 quae
1043 1857 1143 1895 sint!
1201 1858 1273 1896 Cv.
1310 1857 1408 1895 scire
1437 1856 1544 1895 nimi’

1435 1922 1543 1960 lubet

215 1990 283 2028 ubi
303 1990 415 2037 sient,
438 2002 529 2027 nam
550 1988 625 2026 illis
645 1987 853 2026 conuentis
873 2001 967 2026 sane
987 2000 1087 2037 opus
1107 1994 1165 2025 est
1186 1986 1283 2025 meis
1303 1986 1498 2025 dentibus.

216 2057 290 2094 Pu.
321 2067 498 2105 pernam,
521 2054 733 2100 abdomen,
762 2066 902 2091 sumen
929 2052 1021 2099 suis,
1044 2051 1375 2102 glandium-CV.
1406 2051 1470 2089 ain
1499 2059 1540 2089 tu

1264 2115 1397 2154 omnia
1417 2117 1543 2154 hacc?

258 2235 322 2266 305
345 2225 444 2265 magi’
472 2223 548 2267 <me
596 2223 769 2255 Flecketlsen
926 2224 989 2262 308
1023 2227 1056 2253 tc
1083 2222 1225 2252 obsecro
1251 2220 1411 2262 (hercle)
1439 2221 1542 2251 Bothe

213 2279 275 2309 311
302 2269 379 2300 uide
397 2273 431 2299 ut
448 2268 531 2308 Pyla
555 2278 586 2298 es
675 2267 792 2307 palluit
812 2266 849 2305 V,
870 2266 1138 2305 usitatxbrsorma
1269 2266 1332 2302 316
1345 2264 1426 2303 sort.
1447 2270 1536 2295 uent.

217 2314 300 2353 fieri,
321 2323 402 2343 nam
419 2311 572 2342 uentlum
590 2310 840 2349 tranferendum
895 2310 946 2340 uis
962 2309 1020 2340 dcl.
1043 2309 1173 2347 Bentley
1260 2309 1324 2346 318
1348 2317 1537 2346 gramarum

215 2356 406 2388 Buecheler:
431 2365 469 2386 os
485 2365 634 2386 amarum
652 2353 715 2384 cod.
733 2360 738 2379 ι’
749 2353 848 2393 Opro
859 2352 899 2390 G,
913 2358 995 2393 ssuo
1006 2354 1035 2392 r)
1167 2361 1230 2391 323
1254 2351 1364 2381 suetis
1380 2349 1534 2393 Scaliger,

215 2401 267 2433 cui
280 2401 351 2431 sssis
367 2399 508 2441 du'sphzet
596 2397 645 2430 vel
658 2402 713 2430 ain
