1727 2712
651 81 940 123 CVRCVLIO
1429 78 1458 119 Ῐ.
1480 76 1512 117 ii

47 211 110 249 145
131 199 206 237 PH.
237 196 334 248 quid
354 196 386 236 si
405 197 546 236 adeam
565 197 617 236 ad
637 198 738 236 fores
758 204 877 246 atque
892 196 1130 234 occentem?
1186 196 1255 232 ΡΑ,
1288 193 1318 232 si
1339 193 1458 238 lubet,

913 274 1043 310 neque
1062 260 1158 298 uoto
1179 272 1309 309 neque
1328 257 1458 304 iubeo,

128 329 290 377 quando
322 341 396 377 ego
426 334 464 366 te
496 327 615 366 uideo
645 325 861 364 immutatis
896 324 1073 363 moribus
1105 337 1203 372 esse,
1234 337 1309 369 ere,
1341 330 1460 372 atque

1287 387 1456 438 ingenio.

236 461 310 496 PH.
342 458 499 508 pessuli,
523 459 621 497 heus
641 456 798 509 pessuli,
821 470 892 495 uos
914 457 1041 494 saluto
1061 455 1214 501 lubens,
1481 468 1519 501 55

235 537 306 562 uos
326 537 429 570 amo,
452 537 523 562 uos
545 524 651 571 uolo,
668 536 739 561 uos
761 529 852 572 peto
871 529 991 571 atque
1011 533 1187 569 opsecro,

234 587 356 637 gerite
375 588 524 626 amanti
545 587 641 626 mihi
664 601 825 633 morem,
848 584 1145 632 amoenissumi,

44 667 108 703 150
236 654 301 691 fite
321 667 460 692 caussa
482 667 569 692 mea
588 653 685 692 ludii
707 652 874 698 barbari,

235 718 415 766 sussilite,
439 733 616 769 opsecro,
639 726 678 757 et
698 717 840 756 mittite
861 717 986 755 istanc
1006 718 1108 755 foras

235 797 336 834 quae
358 783 454 821 mihi
476 783 618 822 misero
638 783 787 822 amanti
807 783 931 822 ebibit
951 781 1194 832 sanguinem.
1410 780 1417 781 ’
1478 779 1522 811 60

234 849 311 887 hoc
331 848 424 887 uide
444 856 485 886 ut
507 848 708 887 dormiunt
728 847 873 899 pessuli
894 845 1068 897 pessumi

233 927 307 952 nec
328 927 417 952 mea
435 914 558 964 gratia
578 920 834 952 commouent
855 926 897 951 se
917 911 1026 951 ocius
1046 914 1054 949 !

42 989 102 1027 155
178 991 217 1016 re
238 978 363 1028 spicio
383 978 495 1016 nihili
516 992 646 1017 meam
667 991 739 1016 uos
759 977 922 1028 gratiam
943 978 1081 1015 facere.

177 1044 247 1082 sed
255 1047 464 1092 tace,tace!
488 1045 556 1081 PA.
573 1051 685 1082 taceo
693 1041 1028 1092 hercleequidem.
1048 1042 1123 1079 PH.
1134 1039 1261 1080 sentio
1270 1038 1454 1080 sonitum.

175 1110 336 1148 tandem
357 1110 500 1159 edepol
521 1108 618 1147 mihi
638 1107 818 1159 morigeri
838 1106 984 1159 pessuli
1004 1107 1112 1144 fiunt.
1476 1108 1518 1149 65

230 1230 458 1267 LEAENA
570 1231 894 1266 PAL1NVRvs
1006 1228 1335 1264 PLANES1VM
1478 1225 1523 1262 ifi

588 1296 978 1331 PHAEDROMVS

123 1375 193 1413 LE.
228 1375 388 1414 Placide
406 1376 590 1425 egredere
611 1383 650 1413 et
670 1374 844 1413 sonitum
861 1373 1028 1424 prohibe
1043 1372 1186 1412 forium
1207 1380 1245 1412 et
1265 1372 1458 1424 crepitum

1239 1437 1455 1485 cardinum,

124 1519 174 1544 ne
194 1519 295 1555 quae
317 1505 381 1544 hic
400 1505 552 1557 agimus
573 1507 652 1544 eru'
672 1505 861 1556 percipiat
882 1504 975 1552 fieri,
999 1518 1087 1543 mea
1108 1503 1344 1542 Planesium.

39 1575 107 1612 160
124 1585 252 1618 mane,
290 1573 515 1610 suffundam
549 1572 746 1622 aquolam.
818 1573 887 1609 ΡΑ.
931 1570 1052 1609 uiden
1086 1572 1129 1608 ut
1162 1583 1261 1608 anus
1293 1569 1459 1607 tremula

1077 1633 1316 1673 medicinam
1337 1633 1458 1672 facit?

121 1715 238 1751 eapse
246 1715 397 1740 merum
405 1700 779 1749 condidicitbibere,
787 1700 936 1739 foribus
944 1701 1012 1739 dat
1025 1713 1168 1750 aquam
1176 1713 1294 1749 quam
1303 1698 1453 1738 bibant.

122 1767 189 1804 PL.
222 1766 290 1805 ubi
311 1768 383 1805 tu's
404 1766 471 1817 qui
493 1781 556 1805 me
576 1768 834 1805 conuadatu’s
855 1765 1034 1804 Veneriis
1056 1764 1325 1804 uadimoniis?
1475 1774 1493 1806 5

120 1831 216 1870 sisto
237 1846 311 1882 ego
332 1831 403 1871 tibi
425 1846 488 1870 me
509 1839 547 1870 et
568 1831 664 1869 mihi
685 1839 822 1870 contra
842 1831 979 1870 itidem
1001 1838 1043 1868 ut
1064 1830 1175 1868 sistas
1198 1831 1356 1869 suadeo.

122 1899 196 1936 PH.
228 1899 370 1936 adsum
385 1912 395 1945 ς
435 1911 527 1935 nam
557 1896 589 1935 si
619 1896 757 1947 apsim,
787 1897 865 1935 hau
896 1910 1073 1935 recusem
1104 1895 1200 1946 quin
1230 1894 1326 1933 mihi
1357 1896 1458 1933 male

1131 1960 1189 2007 sit,
1213 1961 1291 1999 mel
1312 1974 1455 1999 meum.

40 2031 102 2077 165
124 2029 191 2066 PL.
223 2027 356 2066 anime
390 2027 454 2074 mi,
489 2028 625 2078 procul
657 2025 698 2079 <a
732 2025 814 2079 me)
844 2035 1043 2066 amantem
1078 2027 1216 2065 abesse
1251 2027 1328 2064 hau
1367 2039 1458 2064 con-

1173 2099 1454 2130 sentaneumst.

170 2209 232 2237 150
255 2198 336 2229 ludii
354 2198 561 2230 saracenus:
587 2198 644 2229 lidi
662 2199 725 2230 cod.
750 2200 816 2233 (tle.
839 2199 934 2239 lydii}
1031 2209 1089 2238 155
1113 2198 1163 2229 vel
1177 2199 1294 2238 specio
1397 2198 1458 2236 156

123 2247 153 2272 st
170 2241 320 2272 Muretus
337 2243 372 2281 (i.
394 2243 425 2280 8,
443 2253 474 2282 p.
491 2244 546 2283 27)
640 2243 795 2282 equidem
815 2243 990 2273 Fleckeisen
1005 2254 1010 2272 :
1038 2243 1175 2281 quidem
1190 2241 1257 2272 cod.
1397 2242 1456 2278 158

123 2285 230 2315 sorum
248 2285 313 2316 cod.
474 2296 535 2325 159
557 2286 660 2326 quae]
690 2287 780 2326 quod
805 2286 882 2316 PBD
1032 2288 1088 2316 161
1117 2287 1239 2324 aquarn
1273 2287 1454 2324 suspectum

126 2329 186 2368 163
210 2328 266 2370 (tu
284 2328 340 2371 te)
357 2335 391 2359 ut
407 2329 589 2369 Fleckeisen,
609 2329 665 2360 sed
686 2333 751 2369 ego
768 2330 826 2360 tibi
838 2331 962 2370 placet:
987 2327 1066 2372 (te)
1083 2334 1119 2359 ut
1142 2329 1216 2359 Ital.
1353 2328 1412 2367 165
1435 2338 1456 2358 a

123 2382 176 2403 me
192 2372 267 2403 add.
286 2372 422 2404 Mueller
432 2372 564 2414 fflhein.
585 2373 674 2404 Mus.
696 2384 748 2413 54,
768 2374 846 2414 388)
940 2373 983 2403 mi
1000 2371 1100 2416 (me)
1115 2372 1190 2403 Ital.
1325 2416 1366 2446 21

167 2426 286 2449 PLAVT.
308 2427 320 2448 1
