1727 2712
638 91 899 130 EPIDICVS
1381 91 1433 128 II.
1455 90 1486 126 i1

106 204 208 243 duae
229 203 284 242 sic
304 211 394 253 post
414 217 477 242 me
497 202 660 241 fabulari
680 202 780 240 inter
800 215 1015 252 sese—ego
1035 200 1207 253 apscessi
1227 200 1355 240 sciens

107 269 283 318 paullum
302 268 353 306 ab
369 267 454 316 illis,
472 267 769 306 dissimulabam
791 281 924 305 earum
945 281 1106 317 operam
1127 266 1299 305 sermoni
1314 267 1407 304 dare
1425 279 1437 314 3

105 346 178 371 nec
199 332 290 371 satis
311 332 558 378 exaudibam,
581 346 655 371 nec
681 331 872 370 sermonis
893 332 1054 370 fallebar
1073 338 1217 378 tamen,

21 409 87 442 240
106 411 207 447 quae
235 398 499 447 loquerentur.
559 398 627 435 PE.
660 396 700 435 id
725 396 900 435 lubidost
927 396 1034 435 scire.
1095 398 1166 434 ΕΡ.
1197 395 1252 434 ibi
1281 395 1433 434 illarum

1316 463 1436 500 altera

106 527 202 566 dixit
233 527 288 566 illi
317 528 478 577 quicum
509 528 593 578 ipsa
622 527 830 566 ibat-PE.
861 527 992 578 quid?
1049 529 1119 565 ΕΡ.
1150 534 1237 566 tace
1267 540 1369 577 ergo,
1391 534 1435 565 ut
1455 531 1498 562 60

1246 591 1437 630 audias—

105 665 316 708 postquam
336 658 443 696 illam
470 666 560 696 sunt
584 657 847 708 conspicatae,
865 671 985 708 quam
1002 660 1081 696 tuo'
1101 665 1241 708 gnatus
1261 657 1438 707 deperit:

109 726 249 773 ‘quam
270 723 384 762 facile
403 731 442 762 et
462 737 581 774 quam
602 725 798 762 fortunate
818 723 952 762 euenit
972 723 1037 769 illi,
1061 737 1236 773 opsecro,

107 787 258 825 mulieri
278 800 397 837 quam
417 786 582 825 liberare
601 787 685 824 uolt
704 793 856 824 amator
873 787 901 823 !'
961 789 970 806 ‘
983 786 1165 836 quisnam
1185 786 1217 825 is
1238 796 1295 825 est
1309 789 1325 825 ?
1338 789 1346 805 '

21 862 86 899 245
106 852 234 902 inquit
252 853 373 890 altera
392 851 456 890 illi.
515 851 570 890 ibi
590 851 655 890 illa
674 851 853 889 nominat
874 851 1175 902 Stratippoclem

108 916 340 967 Periphanei
363 916 496 954 filiurn.
556 917 624 954 PE.
656 915 752 967 perii
773 917 904 954 hercle
921 919 927 954 ἕ
975 916 1071 966 quid
1088 929 1160 966 ego
1176 930 1223 955 ex
1238 924 1276 955 te
1291 917 1440 955 audio?
1459 923 1499 965 65

109 983 178 1021 ΕΡ.
197 983 274 1020 hoc
287 982 397 1032 quod
411 989 592 1020 actumst.
618 989 775 1032 egomet
789 989 1000 1032 postquam
1015 981 1055 1020 id
1070 981 1154 1020 illas
1169 982 1304 1021 audiui
1318 982 1438 1033 loqui,

107 1046 220 1097 coepi
240 1060 374 1086 rusum
395 1060 555 1086 uorsum
574 1048 626 1086 ad
646 1047 730 1086 illas
751 1046 993 1098 pauxillatim
1013 1049 1212 1094 accedere,

108 1112 220 1162 quasi
239 1113 454 1151 retruderet
474 1112 682 1151 hominum
703 1126 767 1151 me
787 1112 846 1151 uis
867 1112 1047 1151 inuitum.
1108 1115 1175 1151 PE.
1208 1113 1402 1163 intellego.

24 1192 91 1230 250
110 1179 180 1216 ΕΡ.
212 1177 268 1216 ibi
286 1177 352 1216 illa
371 1177 624 1228 interrogauit
640 1177 746 1216 illam
764 1193 770 1216 :
804 1181 812 1197 ‘
826 1178 894 1228 qui
911 1177 985 1216 scis
1001 1180 1018 1216 Ρ
1048 1178 1134 1228 quis
1150 1178 1191 1217 id
1207 1178 1303 1217 dixit
1317 1178 1387 1217 tibi
1403 1179 1440 1217 ?’

111 1246 119 1262 ‘
133 1243 229 1293 quin
249 1243 370 1282 hodie
389 1244 543 1282 adlatae
563 1244 731 1282 tabellae
751 1251 842 1282 sunt
863 1245 914 1282 ad
935 1257 1022 1282 eam
1043 1257 1065 1282 a
1086 1243 1357 1294 Stratippocle,
1463 1258 1502 1292 70

108 1323 200 1348 eum
219 1316 424 1359 argentum
445 1309 659 1358 sumpsisse
678 1310 786 1360 apud
806 1310 967 1348 Thebas
988 1310 1038 1348 ab
1060 1309 1214 1348 danista
1234 1311 1403 1356 faenore,

109 1375 149 1414 id
162 1382 341 1425 paratum
357 1382 396 1412 et
409 1387 494 1412 sese
510 1374 562 1413 ob
576 1388 663 1412 eam
677 1388 759 1413 rem
776 1375 816 1413 id
830 1376 952 1414 ferre.'
992 1377 1060 1413 PE.
1080 1383 1187 1414 certo
1201 1389 1272 1425 ego
1289 1375 1416 1413 occidi
1433 1377 1441 1413 1

111 1442 180 1478 ΕΡ.
213 1441 310 1478 haec
332 1439 387 1477 sic
407 1438 512 1477 aibat
529 1454 536 1477 ε
567 1439 622 1478 sic
642 1440 842 1478 audiuisse
864 1453 910 1478 ex
930 1453 1048 1490 eapse
1069 1441 1188 1490 atque
1208 1440 1383 1490 epistula.

23 1515 88 1553 255
111 1507 178 1543 PE.
202 1505 299 1555 quid
319 1517 392 1555 ego
416 1503 587 1542 faciam?
616 1517 722 1543 nunc
743 1504 952 1543 consilium
972 1518 995 1543 a
1015 1513 1053 1543 te
1074 1513 1289 1555 expetesso,
1311 1508 1441 1555 Apoe-

1319 1570 1437 1609 cides.

108 1637 181 1674 ΑΡ.
213 1635 451 1686 reperiamus
470 1634 620 1685 aliquid
641 1634 770 1682 calidi,
790 1636 1053 1674 conducibilis
1073 1636 1224 1675 consili.
1462 1649 1499 1683 75

109 1714 200 1739 nam
228 1701 292 1739 ille
316 1700 478 1751 quidem
504 1707 571 1738 aut
599 1700 676 1738 iam
703 1699 768 1738 hic
794 1699 930 1747 aderit,
960 1701 1079 1738 credo
1106 1701 1247 1746 hercle,
1270 1708 1336 1738 aut
1363 1700 1441 1738 iam

843 1766 966 1803 adest.
1028 1766 1097 1802 ΕΡ.
1130 1765 1160 1803 si
1181 1778 1349 1815 aequom
1372 1765 1444 1804 siet

109 1845 173 1869 me
192 1833 279 1881 plus
300 1844 436 1880 sapere
457 1844 576 1881 quam
597 1844 680 1878 uos,
703 1830 880 1869 dederim
902 1830 1017 1868 uobis
1038 1830 1245 1868 consilium
1268 1839 1398 1868 catum

109 1898 217 1947 quod
243 1896 422 1943 laudetis,
446 1904 488 1934 ut
513 1909 586 1946 ego
614 1895 747 1946 opino,
771 1897 1062 1945 uterque—PE.
1095 1909 1187 1945 ergo
1211 1895 1278 1933 ubi
1306 1895 1345 1933 id
1372 1902 1441 1942 est,

1249 1961 1415 2011 Epidice
1428 1963 1445 2000 ?

153 2077 214 2106 237
239 2067 336 2105 Quae
353 2067 386 2096 A
472 2071 549 2106 post
566 2076 619 2096 me
635 2066 684 2097 sic
700 2065 734 2096 P
806 2065 922 2097 solens
938 2065 972 2096 P
1080 2066 1143 2104 238
1168 2076 1221 2096 me
1239 2065 1355 2095 harum
1373 2074 1443 2095 ser·

111 2111 202 2141 moni
219 2119 359 2149 operam
375 2109 409 2139 P
495 2120 558 2149 243
582 2109 648 2140 illic
666 2109 804 2140 Mueller
889 2120 952 2149 244
978 2109 1123 2140 liberare
1143 2119 1243 2148 quam
1260 2108 1293 2138 Ρ
1378 2118 1442 2148 245

111 2154 165 2184 illa
182 2153 328 2184 Ritsclzl:
353 2153 398 2183 illi
416 2154 449 2183 A
467 2165 474 2184 ε
498 2164 564 2184 om.
584 2152 618 2183 P
632 2153 692 2193 (iii.
716 2162 743 2192 1,
764 2164 795 2192 p.
814 2154 871 2192 48)
993 2163 1055 2192 247
1081 2158 1131 2182 est
1149 2164 1215 2183 om.
1233 2152 1266 2182 P
1352 2158 1442 2191 post-

110 2208 209 2237 quam
238 2196 287 2237 id]
314 2202 390 2236 post
416 2197 460 2227 ibi
479 2196 512 2226 P
665 2206 730 2235 250
753 2196 842 2236 quis]
864 2197 919 2235 qui
937 2196 969 2225 A
1129 2207 1190 2234 251
1218 2196 1339 2226 allatae
1363 2201 1443 2226 sunt

111 2241 254 2271 tabellae
270 2240 319 2270 P:
354 2241 487 2271 adlatae
513 2239 654 2270 tabellae
682 2244 761 2270 som.
781 2242 872 2274 sunt)
901 2240 934 2268 A
1097 2250 1250 2278 252—449
1274 2239 1390 2269 desunt
1409 2239 1441 2268 A

112 2293 174 2323 253
198 2289 292 2314 certo
309 2284 530 2324 Kampmann
550 2296 556 2313 ε
581 2284 664 2313 cedo
679 2282 747 2313 cod.
859 2293 922 2321 254
950 2283 993 2313 H.
1009 2284 1057 2313 sic
1075 2284 1185 2312 aiebat
1202 2294 1238 2313 se
1256 2284 1330 2313 aud.
1348 2282 1444 2312 Goetz

112 2338 155 2357 ex
169 2338 271 2366 eapse
288 2327 534 2367 Kampmann:
558 2337 595 2356 se
619 2327 699 2356 abse
724 2326 790 2357 cod.
925 2336 988 2365 255
1013 2327 1048 2365 cs.
1077 2325 1216 2356 Redslob
1249 2326 1339 2356 Berl.
1355 2325 1440 2357 Phil.

117 2369 225 2402 Woch.
243 2380 295 2409 22,
313 2372 392 2410 553)
488 2380 549 2409 259
575 2370 696 2409 opinor
712 2369 777 2400 cod.
