1727 2702
160 104 214 142 11.
235 115 265 141 v
643 104 689 143 T.
723 104 903 144 MACCI
935 105 1138 143 PLAVTI

226 212 301 253 OL.
333 226 438 252 nunc
460 213 498 251 in
518 213 712 252 fermento
732 220 860 260 totast‚
885 213 937 252 ita
956 220 1082 264 turget
1103 212 1208 252 mihi.

225 280 296 318 Lv.
329 291 402 329 ego
422 279 564 328 edepol
586 278 691 316 illam
713 278 884 317 mediam
907 278 1122 329 dirruptam
1145 277 1274 317 uelim.

227 344 301 384 OL.
333 344 452 382 credo
472 344 615 394 edepol
636 356 730 390 esse,
755 342 951 393 siqu'idem
974 350 1014 381 tu
1036 343 1133 393 frugi
1155 343 1283 382 bonae
1301 356 1352 382 es.

168 422 210 447 πο
226 422 363 447 uerum
384 409 526 458 edepol
547 415 614 446 tua
635 407 730 446 mihi
751 407 889 446 odiosa
909 415 967 446 est
986 407 1156 446 amatio:

224 473 383 511 inimica
403 480 461 512 est
482 481 549 511 tua
568 486 664 512 uxor
685 472 792 520 mihi,
814 472 996 512 inimicus
1018 473 1130 520 filius,

222 536 369 576 inimici
391 537 608 576 familiares,
669 539 738 576 Lv.
771 537 867 588 quid
888 537 928 577 id
949 539 1062 577 refert
1082 539 1178 576 tua?

223 615 324 641 unus
345 602 415 642 tibi
437 602 500 642 hic
520 603 616 641 dum
638 602 829 653 propitius
849 603 898 641 sit
921 603 1106 653 Iuppiter,

223 674 264 705 tu
285 667 380 706 istos
401 667 574 706 minutos
595 680 692 706 caue
712 668 810 706 deos
831 667 944 706 flocci
965 667 1112 706 feceris.

161 745 200 777 25
223 732 297 771 OL.
329 744 456 782 nugae
476 739 568 770 sunt
588 732 684 771 istae
705 745 882 782 magnae.
914 732 1024 782 quasi
1047 740 1088 770 tu
1110 732 1260 771 nescias

221 805 382 848 repente
402 805 444 836 ut
464 797 703 836 emoriantur
722 797 885 836 humani
908 799 1036 836 Ioues.

221 863 291 901 sed
312 864 473 902 tandem
494 862 525 901 si
546 870 587 900 tu
611 862 788 913 Iuppiter
808 863 859 901 sis
880 870 1066 909 mortuos,

221 939 342 977 quom
362 929 413 966 ad
433 929 530 967 deos
552 927 723 966 minores
744 927 899 966 redierit
921 941 1083 978 regnum
1105 935 1226 975 tuom,

221 991 308 1042 quis
329 992 423 1031 mihi
445 992 654 1031 subueniet
675 1000 784 1044 tergo
802 1000 869 1031 aut
890 993 1006 1043 capiti
1027 1000 1093 1031 aut
1114 992 1322 1032 cruribus?

158 1073 202 1105 30
222 1059 292 1096 Lv.
324 1057 512 1108 opinione
534 1057 673 1097 melius
694 1071 753 1097 res
773 1057 844 1096 tibi
866 1059 984 1097 habet
1005 1066 1082 1106 tua,

221 1122 252 1161 si
273 1124 349 1162 hoc
370 1123 635 1174 impetramus,
659 1131 701 1162 ut
721 1136 795 1174 ego
815 1137 906 1162 cum
928 1124 1074 1163 Casina
1093 1124 1247 1162 cubem.

221 1189 295 1228 01..
329 1202 408 1228 non
430 1190 559 1228 hercle
579 1189 720 1239 opinor
741 1202 868 1239 posse,
892 1189 944 1228 ita
964 1203 1059 1228 uxor
1078 1190 1216 1228 acriter

220 1261 288 1293 tua
307 1254 424 1292 instat
445 1267 494 1293 ne
515 1254 611 1292 mihi
632 1255 756 1293 detur.
818 1256 887 1293 Lv.
919 1262 958 1293 at
979 1268 1052 1305 ego
1073 1255 1127 1293 sic
1147 1268 1259 1305 agam
1276 1269 1284 1293 ε

220 1319 413 1358 coniciam
436 1319 549 1358 sortis
570 1320 608 1358 in
630 1319 797 1359 sitellam
819 1328 857 1358 et
877 1320 1014 1358 sortiar

158 1395 198 1427 35
220 1385 291 1423 tibi
311 1393 349 1424 et
371 1385 550 1425 Chalino.
610 1387 662 1423 ita
683 1399 764 1424 rem
786 1393 918 1423 natam
940 1384 1146 1435 intellego:

220 1458 465 1489 necessumst
487 1450 610 1489 uorsis
631 1450 770 1501 gladiis
791 1451 1060 1501 depugnarier.

220 1517 294 1556 OL.
326 1515 422 1566 quid
443 1516 473 1554 si
494 1528 576 1554 sors
596 1516 706 1555 aliter
726 1529 844 1566 quam
866 1518 976 1555 uoles
996 1517 1199 1555 euenerit?

221 1583 294 1620 Lv.
324 1581 526 1621 benedice.
586 1581 646 1620 dis
667 1594 753 1619 sum
775 1582 906 1628 fretus,
929 1583 1025 1620 deos
1045 1582 1299 1632 sperabimus.

221 1648 295 1687 01..
328 1660 407 1686 non
429 1659 502 1697 ego
522 1646 621 1685 istuc
642 1647 808 1685 uerbum
830 1647 996 1697 empsim
1020 1647 1255 1694 tittibilicio;

159 1727 203 1761 40
221 1725 312 1751 nam
333 1725 472 1750 omnes
494 1713 676 1750 mortales
697 1711 757 1750 dis
779 1719 869 1749 sunt
890 1711 987 1758 freti,
1009 1713 1078 1750 sed
1100 1719 1231 1750 tamen

218 1776 299 1816 uidi
320 1789 394 1827 ego
414 1777 474 1815 dis
496 1778 612 1815 fretos
633 1789 750 1826 saepe
771 1777 915 1814 multos
935 1776 1076 1827 decipi.

1575 225 1641 267 323

1574 549 1644 585 330

1573 870 1639 909 335

1572 1201 1642 1237 340

1571 1523 1637 1561 345

220 1844 288 1881 Lv.
321 1845 372 1880 st!
398 1850 484 1880 tace
498 1855 715 1892 parumper.
759 1841 832 1880 OL.
863 1841 959 1891 quid
973 1841 1062 1879 uis?
1102 1842 1169 1878 Lv.
1199 1853 1337 1879 eccum
1353 1839 1430 1878 exit
1446 1840 1548 1877 foras
1568 1847 1637 1884 350

219 1907 410 1947 Chalinus
432 1907 535 1945 intus
557 1920 646 1945 cum
669 1907 794 1945 sitella
815 1914 852 1945 et
873 1906 1054 1945 sortibus.

219 1986 325 2011 nunc
346 1985 418 2011 nos
438 1972 603 2010 conlatis
624 1971 742 2022 signis
763 1972 1089 2022 depugnabimus.

262 2077 325 2116 326
348 2076 466 2115 edepol
486 2086 551 2115 ego
568 2075 633 2106 cod.
656 2076 737 2115 (wgo
755 2075 875 2115 edepol
890 2075 938 2115 J)
1042 2085 1105 2114 335
1130 2075 1177 2106 sis
1195 2079 1342 2105 mortuos
1358 2073 1547 2107 Aa'dalt‘us:

218 2122 265 2152 sis
283 2125 456 2151 emortuus
473 2119 537 2151 cod.
561 2122 637 2160 (pro
653 2119 722 2149 sies
740 2129 780 2149 m.
794 2120 819 2158 ἲ)
931 2129 994 2158 337
1020 2119 1199 2149 subueniet
1217 2117 1289 2149 Ital.
1308 2130 1313 2148 :
1340 2118 1548 2148 subueniens

218 2164 283 2195 cod.
420 2164 484 2202 338
508 2163 669 2203 opinione
688 2162 807 2192 melius
825 2161 1011 2192 Saracenas
1028 2174 1034 2192 :
1060 2163 1254 2201 opinionem
1274 2162 1348 2192 cius
1364 2161 1428 2192 cod.
1450 2161 1485 2202 (i.
1508 2171 1524 2200 7
1540 2172 1547 2198 ;

220 2218 252 2248 p.
272 2208 328 2247 20)
434 2207 533 2237 habet
553 2205 767 2236 samm-arius
783 2217 788 2235 τ
816 2205 937 2236 habeat
955 2205 1020 2237 cod.
1128 2215 1193 2244 340
1216 2205 1264 2235 υτ]
1277 2205 1379 2244 opino

219 2251 432 2292 spei-animus
455 2249 520 2280 cod.
707 2258 768 2288 347
794 2250 902 2288 empsi
933 2259 1006 2279 cum
1037 2250 1116 2288 (pro
1144 2249 1400 2288 empsiculcml)
1431 2248 1544 2278 tittibi·

221 2295 296 2325 licio
319 2293 406 2324 codd.
431 2293 534 2324 Pauli
549 2293 612 2332 366
630 2293 670 2331 (s.
685 2292 944 2332 tittibilicium):
977 2292 1109 2322 emisim
1135 2291 1200 2332 (vel
1220 2292 1396 2330 emissum)
1422 2291 1461 2321 tit
1486 2290 1546 2321 tibi

220 2338 346 2369 stalitio
363 2336 428 2368 cod.
471 2336 621 2377 (Stalitio
638 2336 671 2365 in
683 2340 904 2375 personarum
923 2336 1060 2366 nomina
1077 2345 1109 2365 se
1124 2335 1358 2372 insinuaverat,
1379 2345 1401 2365 e.
1413 2345 1447 2374 g.
1470 2344 1492 2364 11
1512 2334 1545 2364 iii

221 2391 399 2412 STALlTlo.
420 2389 529 2410 serm<
547 2404 554 2411 .
577 2388 711 2409 Μνιιεη
736 2389 850 2409 cums.
868 2391 874 2416 ;
902 2379 938 2417 cs.
960 2390 987 2410 τ’.
1008 2381 1087 2417 960)
1105 2391 1110 2409 :
1136 2378 1274 2418 empsim
1292 2377 1401 2420 (uno)
1419 2379 1482 2408 titt.
1502 2378 1546 2417 (³)

223 2425 287 2457 Leo
383 2433 446 2464 350
472 2433 588 2464 parum
606 2433 650 2453 an
670 2432 850 2463 parumper
867 2424 970 2453 incorr.
991 2422 1052 2453 cod.
1076 2428 1081 2439 ³
1090 2423 1144 2452 vii.
1169 2431 1192 2460 1,
1214 2433 1242 2461 p.
1261 2432 1297 2462 9¹
1314 2439 1317 2450 1

1483 2205 1548 2243 346
