1727 2702
199 80 230 117 Ι.
252 79 296 116 iii
676 77 724 115 T.
758 76 936 116 MACCI
969 76 1172 114 PLAVTI

252 189 326 228 ΡΗ.
361 188 552 234 Palinure,
579 187 756 225 Palinure
777 190 783 225 !
842 188 909 225 ΡΛ.
941 188 1136 238 eloquere,
1159 187 1255 238 quid
1275 195 1333 227 est
1354 189 1462 238 quod
1485 187 1581 225 Pali-

1270 266 1410 291 nurum
1433 253 1582 292 uoces?
1684 277 1695 321 ὁ

196 329 232 351 ¹0
251 320 325 357 ΡΗ.
359 326 417 357 est
454 317 595 368 lepida.
657 319 724 355 ΡΑ.
757 315 864 354 nimi’
898 315 1037 367 lepida.
1109 318 1183 356 ΡΗ.
1215 330 1302 356 sum
1341 318 1449 356 deus.
1509 318 1578 355 ΡΑ.

933 381 1055 421 immo
1075 382 1198 421 homo
1218 383 1295 420 hau
1319 381 1448 432 magni
1469 381 1578 432 preti.

253 451 326 486 ΡΗ.
360 447 455 498 quid
477 447 608 486 uidisti
628 454 696 485 aut
715 446 812 497 quid
835 446 988 485 uidebis
1010 446 1124 497 magi'
1143 446 1204 486 dis
1224 446 1545 498 aequiparabile?

252 515 320 550 ΡΑ.
353 514 455 551 male
483 513 611 550 ualere
636 519 685 558 te,
707 512 816 562 quod
847 510 900 549 mi
929 518 1089 562 aegrest.
1150 513 1224 550 ΡΗ.
1257 513 1357 551 male
1387 511 1440 550 mi
1469 511 1582 550 mori—

1324 578 1458 626 geru's,
1481 584 1576 614 tace.

253 644 320 680 ΡΑ.
354 643 452 693 ipsu'
491 655 532 681 se
570 640 766 680 excruciat
804 640 871 691 qui
910 642 1032 680 homo
1071 643 1180 692 quod
1217 649 1323 680 amat
1362 641 1469 680 uidet
1507 655 1580 680 nec
1602 641 1690 684 170⁴

1196 706 1343 756 potitur
1363 707 1457 745 dum
1478 705 1578 745 licet.

253 774 326 810 ΡΗ.
359 779 462 811 recte
501 771 689 821 obiurgat.
763 784 856 809 sane
900 771 977 809 hau
1020 770 1271 821 quicquamst
1316 770 1429 821 magi'
1473 771 1581 821 quod

1225 835 1381 887 cupiam
1402 835 1479 874 iam
1500 835 1579 874 diu.

194 914 231 946 15
253 903 319 940 PL.
345 909 434 940 tene
455 914 529 948 me,
551 901 789 951 amplectere
814 912 917 950 ergo.
978 901 1052 939 ΡΗ.
1076 901 1152 939 hoc
1173 900 1290 939 etiam
1311 908 1369 939 est
1389 913 1508 951 quam
1528 900 1582 939 ob

1156 979 1237 1004 rem
1258 965 1415 1016 cupiam
1436 965 1579 1004 uiuere.

251 1031 344 1082 quia
378 1039 415 1070 te
447 1030 630 1082 prohibet
667 1031 756 1077 eru',
789 1031 891 1069 clam
924 1027 1025 1084 [ero]
1065 1030 1202 1081 potior.
1263 1032 1330 1069 PL.
1374 1030 1584 1081 prohibet?

1178 1110 1251 1135 nec
1271 1096 1479 1146 prohibere
1497 1095 1583 1146 quit

252 1176 325 1201 nec
342 1160 578 1213 prohibebit,
597 1159 671 1199 nisi
687 1173 791 1199 mors
808 1173 940 1199 meum
957 1160 1133 1199 animum
1149 1174 1219 1211 aps
1236 1168 1274 1200 te
1289 1160 1578 1200 abalienauerit.

255 1229 320 1265 ΡΑ.
351 1226 456 1266 enim
471 1240 566 1265 uero
580 1239 736 1276 nequeo
749 1226 888 1265 durare
901 1225 998 1276 quin
1011 1239 1085 1276 ego
1100 1240 1209 1265 erum
1223 1239 1406 1265 accusem
1423 1239 1555 1265 meum
1574 1241 1580 1264 :
1603 1233 1666 1271 175

251 1306 341 1331 nam
357 1293 506 1331 bonum
524 1299 581 1330 est
598 1289 811 1342 pauxillum
824 1303 955 1329 amare
968 1304 1073 1338 sane,
1088 1289 1225 1330 insane
1241 1304 1321 1329 non
1336 1291 1485 1330 bonum
1499 1298 1557 1329 est
1573 1305 1582 1338 3

191 1373 232 1396 20
251 1371 386 1396 uerum
410 1364 536 1396 totum
557 1355 740 1395 insanum
756 1369 898 1403 amare,
916 1356 993 1394 hoc
1008 1357 1232 1407 est—quod
1253 1370 1364 1395 meus
1383 1357 1462 1395 eru’
1478 1355 1579 1395 facit.

253 1424 325 1460 ΡΗ.
359 1421 432 1461 sibi
453 1435 524 1460 sua
544 1421 717 1459 habeant
737 1434 855 1471 regna
875 1433 995 1471 reges,
1018 1420 1092 1459 sibi
1113 1420 1271 1460 diuitias
1292 1420 1446 1469 diuites,

250 1487 324 1526 sibi
345 1489 527 1534 honores,
550 1485 624 1525 sibi
647 1485 819 1531 uirtutes,
843 1485 917 1524 sibi
937 1499 1100 1536 pugnas,
1123 1485 1197 1524 sibi
1218 1486 1387 1536 proelia:
1680 1531 1687 1534 .

250 1553 346 1590 dum
386 1551 439 1590 mi
476 1550 699 1602 apstineant
738 1549 925 1598 inuidere,
961 1549 1035 1589 sibi
1067 1549 1235 1601 quisque
1268 1551 1440 1590 habeant
1472 1551 1580 1601 quod
1605 1555 1671 1589 180

1377 1629 1489 1654 suom
1510 1623 1578 1654 est.

251 1685 318 1720 ΡΑ.
351 1682 447 1733 quid
470 1683 543 1720 tu?
573 1680 745 1720 Venerin
766 1680 994 1732 peruigilare
1015 1688 1053 1720 te
1074 1679 1229 1727 uouisti,
1254 1681 1528 1719 Phaedrome?

192 1761 228 1792 25
249 1761 341 1786 nam
362 1748 438 1786 hoc
459 1746 622 1797 quidem
643 1746 786 1797 edepol
807 1746 884 1784 hau
913 1747 1038 1784 multo
1064 1753 1154 1795 post
1173 1746 1262 1784 luce
1288 1744 1445 1784 lucebit.
1505 1746 1578 1783 ΡΗ.

1684 540 1693 580 4¹

1672 607 1674 610 ·
1685 603 1691 623 i

1483 1817 1578 1848 tace.

253 1880 321 1916 ΡΛ.
353 1877 461 1928 quid,
485 1877 669 1915 taceam?
699 1875 794 1926 quin
816 1883 857 1913 tu
879 1875 910 1914 is
930 1875 1179 1914 dormitum?
1237 1877 1311 1913 ΡΗ.
1343 1874 1508 1921 dormio,
1531 1888 1581 1914 ne

1343 1939 1578 1979 occlamites.

254 2010 320 2046 ΡΑ.
349 2006 555 2057 tuquidem
577 2004 723 2056 uigilas.
785 2007 858 2043 ΡΗ.
890 2012 929 2043 at
951 2018 1041 2044 meo
1062 2006 1170 2044 more
1190 2004 1368 2044 dormio:
1399 2003 1462 2043 hic
1482 2017 1582 2043 som-

1361 2076 1451 2106 nust
1473 2067 1578 2106 mihi.

255 2140 320 2176 ΡΑ.
354 2138 451 2176 heus
472 2145 523 2183 tu,
549 2135 697 2181 mulier,
721 2135 822 2173 male
843 2134 980 2173 mereri
1002 2135 1052 2173 de
1073 2134 1290 2173 inmerente
1311 2133 1462 2172 inscitia
1482 2142 1550 2172 est.
1603 2139 1665 2182 185

300 2242 371 2277 168,
393 2251 447 2279 ¹71
468 2239 519 2270 υτ]
533 2249 628 2274 mazze
746 2247 799 2277 171
830 2239 892 2268 iam
909 2237 1104 2269 Gulielnn'us
1121 2249 1128 2268 :
1153 2244 1219 2269 tam
1237 2236 1300 2268 cod.
1413 2246 1472 2276 173
1495 2235 1577 2267 clam

253 2295 312 2314 ero
342 2294 394 2324 po.
429 2283 517 2314 cod.:
555 2293 614 2312 ero
645 2281 705 2312 del.
735 2281 881 2319 Guictus,
910 2282 1008 2311 mari
1029 2292 1140 2317 causa,
1169 2292 1268 2322 neque
1299 2280 1460 2311 ablativus
1489 2288 1582 2309 casus

243 2326 401 2366 serendus
546 2326 605 2364 178
630 2323 824 2355 Lactantius
848 2324 911 2355 div.
945 2325 1018 2356 inst.
1046 2335 1076 2364 5,
1111 2336 1158 2361 12,
1192 2334 1225 2356 ιι
1256 2335 1315 2355 sua
1348 2323 1411 2355 sibi
1437 2322 1581 2354 habeant

254 2381 355 2409 regna
375 2380 482 2409 reges,
503 2379 581 2399 suas
598 2369 732 2399 divitias
748 2368 871 2398 diuites
888 2370 939 2407 (ut
958 2368 1104 2408 loquitur
1122 2369 1278 2409 Plautus)
