1727 2712
672 81 997 122 BACCHIDES
1424 81 1495 117 IV.
1516 79 1592 116 viii

383 194 512 232 alteris
532 193 650 232 etiam
671 192 851 237 ducentis

59 265 148 306 971³
383 273 476 297 usus
497 266 564 305 est,
587 258 655 309 qui
676 258 950 308 dispensentur

384 324 460 363 Ilio
480 332 607 374 capto,
631 332 672 362 ut
692 323 740 362 sit
761 325 932 361 mulsum
1083 336 1143 367 fs·
1517 334 1560 366 50

60 390 146 429 972a
436 388 765 443 quijriuniphent
786 387 940 426 milites.
989 357 1101 443 As

165 455 235 492 sed
254 453 430 493 Priamus
446 453 511 493 hic
527 456 652 492 multo
668 453 722 492 illi
739 461 908 504 praestat
925 468 932 492 :
962 444 1043 492 non
1060 453 1345 504 quinquaginta
1361 454 1494 499 modo,

165 518 443 569 quadrigentos
474 519 574 558 filios
604 519 723 558 habet
749 526 868 568 atque
894 518 1080 568 equidem
1108 519 1236 557 omnis
1265 521 1386 558 lectos
1413 518 1497 556 sine

1329 585 1495 634 probro:

78 658 143 695 975
165 663 233 688 eos
253 663 329 700 ego
348 650 468 688 hodie
488 649 617 688 omnis
638 649 910 688 contruncabo
930 649 1087 687 duobus
1109 649 1201 687 solis
1223 649 1376 687 ictibus.

164 727 270 753 nunc
287 714 444 753 Priamo
464 722 599 753 nostro
619 714 651 753 si
672 721 730 753 est
746 713 833 764 quis
849 720 1014 763 emptor,
1033 713 1340 762 comptionalem
1362 727 1497 752 senem
1519 728 1559 760 55

163 780 336 818 uendam
357 793 442 829 egO,
465 781 647 818 uenalem
674 793 794 829 quem
823 779 964 825 habeo,
987 779 1186 827 extemplo
1214 777 1281 816 ubi
1306 778 1497 828 oppidum

1209 856 1497 893 expugnauero.

162 909 233 948 sed
263 909 464 948 Priamum
495 916 689 948 astantem
721 922 861 947 eccum
888 915 980 947 ante
1007 915 1161 958 portam
1189 907 1329 946 uideo?
1377 907 1497 946 adibo

1155 980 1273 1023 atque
1292 973 1493 1023 adloquar.

442 1086 767 1124 NICOBVLvs
879 1085 1215 1124 CHRVSALvs
1513 1082 1558 1119 ix

218 1168 284 1206 N1.
318 1166 544 1216 Quoianam
576 1180 654 1205 uox
682 1180 806 1217 prope
836 1179 900 1204 me
929 1167 1071 1204 sonat?
1120 1167 1196 1205 CH.
1230 1180 1254 1204 o
1285 1165 1493 1206 Nicobule.

1212 1232 1277 1268 N1.
1310 1231 1407 1281 quid
1428 1233 1499 1269 fit?

77 1301 147 1346 980
219 1298 315 1348 quid
331 1299 441 1348 quod
454 1305 493 1337 te
506 1297 605 1344 misi,
620 1296 765 1347 ecquid
778 1296 919 1347 egisti?
976 1298 1054 1336 CH.
1078 1298 1219 1347 rogas?
1246 1298 1494 1347 congredere.

1232 1364 1268 1400 N
1276 1375 1298 1400 1.
1331 1362 1494 1412 gradior.

166 1430 242 1468 CH.
275 1430 455 1479 optumu’
495 1443 582 1467 sum
622 1436 762 1467 orator.
821 1429 873 1467 ad
912 1429 1104 1466 lacrumas
1144 1427 1347 1465 hominem
1386 1428 1497 1478 coegi

1269 1492 1497 1543 castigando

164 1561 345 1609 maleque
372 1560 498 1607 dictis,
528 1573 629 1610 quae
656 1559 818 1610 quidem
846 1558 956 1609 quiui
983 1558 1241 1597 comminisci.
1302 1560 1371 1597 N1.
1401 1558 1497 1609 quid

1077 1623 1162 1662 ait?
1221 1625 1297 1663 CH.
1331 1624 1497 1662 uerbum

164 1693 315 1730 nullum
348 1692 464 1730 fecit:
506 1693 727 1729 lacrumans
757 1690 897 1729 tacitus
927 1691 1174 1729 auscultabat
1207 1704 1309 1740 quae
1344 1704 1416 1741 ego
1445 1692 1498 1729 lo-
1517 1707 1535 1739 5

1325 1756 1498 1806 quebar3

165 1822 304 1860 tacitus
326 1821 557 1872 conscripsit
578 1822 753 1868 tabellaS,
776 1821 1001 1871 opsignatas
1023 1821 1075 1859 mi
1097 1822 1167 1859 has
1188 1821 1308 1860 dedit.

78 1887 143 1931 985
165 1887 235 1926 tibi
257 1902 319 1926 me
340 1886 450 1925 iussit
466 1888 568 1934 dare,
588 1887 659 1925 sed
680 1894 815 1924 metuo
833 1886 883 1924 ne'
906 1886 1010 1924 idem
1029 1894 1189 1925 cantent
1207 1888 1315 1936 quod
1335 1886 1492 1937 priores.

164 1966 285 1992 nosce
300 1952 466 2002 signum.
517 1959 627 1991 estne
644 1950 770 1990 eiius?
827 1952 863 1988 N
870 1963 892 1988 1.
926 1951 1031 1989 noui.
1083 1952 1192 1990 lubet
1207 1953 1398 2002 pellegere
1413 1954 1492 1990 has.

1220 2019 1297 2056 CH.
1332 2019 1492 2067 pellege.

218 2097 324 2123 nunc
354 2097 538 2134 superum
569 2082 690 2121 limen
720 2081 923 2129 scinditur,
945 2096 1050 2121 nunc
1080 2083 1192 2121 adest
1222 2081 1382 2120 exitium
1408 2082 1498 2134 (illi)

1408 2147 1494 2195 Ilio,

208 2260 271 2289 974
296 2251 428 2290 quidem
459 2251 600 2285 Mueller,
628 2249 766 2280 Skutsch
795 2249 926 2290 (Herm.
950 2260 1003 2289 32,
1030 2249 1101 2289 94),
1118 2248 1201 2288 fort.
1230 2253 1304 2279 recte
1434 2249 1499 2287 978

166 2294 287 2324 uidebo
303 2294 365 2325 cod.
389 2296 478 2333 (corr.
498 2295 530 2323 in
548 2294 592 2332 Β)
698 2294 763 2332 980
787 2294 936 2334 gradior]
956 2293 1156 2331 congredior
1172 2292 1204 2321 Β
1313 2293 1374 2330 981
1404 2292 1498 2330 coegi

166 2337 333 2367 hominem
355 2337 419 2369 cod.
439 2350 445 2368 2
471 2339 590 2368 traiecit
608 2336 714 2374 Goelz,
733 2341 761 2367 et
778 2341 879 2367 metro
896 2341 925 2367 et
941 2337 1166 2367 allitteratiom'
1180 2335 1347 2366 consulens
1435 2337 1496 2375 987

165 2381 213 2410 illi
232 2380 348 2411 addidi
433 2380 583 2423 (prope)
599 2381 695 2411 adest
711 2391 764 2411 ex.
783 2380 821 2412 11.
839 2379 1014 2412 Aa’dalius

211 2433 331 2456 ΡιΑντ.
350 2434 362 2455 ι
576 2440 579 2442 —
1368 2417 1416 2460 ¹³2

370 2521 450 2537 sd.⁴

362 2538 369 2543 s
536 2544 545 2572 vx
570 2536 612 2567 ὅ»)

546 2577 555 2590 N

566 2615 619 2663 l*
689 2578 697 2625 l
