1727 2702
166 98 233 136 IV.
257 99 279 136 ii
674 101 721 139 T.
754 101 934 140 MACCI
966 102 1169 141 PLAVTI

1685 184 1710 210 xl

1679 214 1708 226 ’⁴

470 211 537 249 ubi
559 210 728 261 primum
750 220 808 250 est
829 211 978 251 licitum
1000 212 1092 252 ilico
1613 227 1706 270 59ςῇ

198 295 237 328 35
471 276 676 326 properaui
697 276 805 315 abire
825 279 876 316 de
897 279 991 317 foro.

470 340 612 387 iratast,
636 342 767 388 credo,
791 355 896 381 nunc
916 342 1012 381 mihi
1029 358 1040 391 3
1604 314 1709 382 60οῇ

469 405 641 455 placabit
661 407 764 456 palla
783 420 902 457 quam
923 407 1028 455 dedi,
1680 410 1704 469 ‘3

254 470 373 521 quam
395 470 514 509 hodie
535 470 644 509 uxori
665 471 807 520 apstuli
827 479 946 522 atque
967 472 1090 511 detuli
1111 472 1203 512 huic
1226 472 1373 512 Erotio.
1605 466 1704 527 ⁶033:

310 538 377 574 PE.
409 535 505 587 quid
535 536 621 575 ais?
679 538 762 575 MA.
795 536 880 576 uiro
910 551 973 576 me
1003 540 1109 577 malo
1143 540 1245 577 male
1279 546 1455 588 nuptam.
1516 540 1588 581 PE.

911 602 1012 641 satin
1032 602 1146 642 audis
1167 616 1268 653 quae
1290 603 1367 642 illic
1388 603 1589 654 loquitur?
1682 595 1702 651 J

191 681 235 713 40
309 668 392 705 MA.
425 665 519 705 sati'.
580 667 696 706 ΜΕΝ.
730 663 761 705 si
792 666 954 718 sapiam,
987 667 1081 706 hinc
1115 667 1217 707 intro
1251 668 1404 715 abeam,
1436 668 1503 707 ubi
1533 668 1586 707 mi
1686 654 1706 666 ⁷-

717 732 818 771 bene
837 731 896 770 sit.
957 734 1026 770 ΡΕ.
1059 746 1199 771 mane:
1229 734 1331 772 male
1351 732 1422 772 erit
1442 733 1584 784 potius.

252 799 337 837 MA.
369 797 419 836 ne‘
440 797 545 836 illam
567 805 719 836 ecastor
740 799 940 837 faenerato
960 798 1166 848 apstulisti.
1227 800 1295 837 ΡΕ.
1328 798 1384 837 sic
1404 800 1529 838 datur.

252 865 335 902 ΜΛ.
366 864 590 902 clanculum
612 870 650 901 te
670 862 791 902 istaec
813 862 958 913 flagitia
979 864 1106 902 facere
1127 864 1317 902 censebas
1338 865 1461 914 pote?
1603 871 1681 918 605

251 930 367 967 ΜΕΝ.
408 928 505 978 quid
543 927 634 966 illuc
678 935 747 974 est,
790 941 896 975 uxor,
938 928 1100 978 negoti?
1188 930 1272 967 MA.
1314 941 1405 967 men
1443 930 1586 979 rogas?

1060 995 1176 1032 ΜΕΝ.
1207 993 1273 1032 uin
1295 995 1401 1032 hunc
1421 995 1586 1044 rogem?

251 1060 335 1097 ΜΑ.
367 1060 475 1097 aufer
495 1058 586 1097 hinc
608 1058 864 1109 palpationes.
927 1060 994 1096 PE.
1027 1072 1143 1109 perge
1163 1066 1216 1097 tu.
1286 1060 1401 1097 ΜΕΝ.
1425 1058 1521 1109 quid
1542 1066 1584 1098 tu

1487 1122 1583 1162 mihi

189 1202 232 1235 45
251 1188 369 1228 tristis
399 1191 469 1227 es?
527 1190 609 1227 MA.
643 1196 680 1227 te
710 1188 807 1227 scire
837 1195 1001 1238 oportet.
1063 1191 1131 1227 PE.
1163 1187 1235 1228 scit
1265 1190 1334 1228 sed
1363 1188 1584 1228 dissimulat

1443 1255 1579 1292 malus.

250 1322 365 1359 ΜΕΝ.
398 1320 493 1370 quid
515 1319 714 1370 negotist?
788 1321 871 1358 MA.
905 1321 1222 1370 pallam—MEN.
1255 1320 1429 1370 pallam?
1494 1321 1578 1358 MA.

827 1384 989 1435 quidam
1011 1386 1281 1435 pallam—PE.
1313 1384 1409 1435 quid
1431 1386 1581 1436 panes?

250 1452 364 1489 ΜΕΝ.
397 1450 451 1488 nil
478 1450 663 1500 equidem
689 1463 828 1500 paueo.
889 1451 958 1488 PE.
990 1450 1064 1488 nisi
1092 1463 1239 1489 unum:
1269 1451 1371 1501 palla
1391 1451 1579 1501 pallorem
1598 1456 1667 1492 610

1427 1514 1576 1554 incutit.

245 1589 284 1620 at
305 1589 346 1620 tu
367 1581 417 1620 ne'
437 1583 537 1620 clam
559 1594 623 1619 me
643 1593 843 1619 comesses
866 1580 1085 1631 prandium.
1146 1594 1262 1631 perge
1283 1580 1321 1619 in
1343 1581 1482 1620 uirum.

248 1649 363 1687 ΜΕΝ.
396 1659 475 1684 non
506 1647 641 1684 taces?
713 1647 780 1683 ΡΕ.
815 1659 894 1684 non
927 1647 1056 1684 hercle
1083 1659 1177 1684 uero
1204 1653 1327 1684 taceo.
1387 1653 1499 1684 nutat
1529 1660 1578 1685 ne

1428 1712 1576 1762 loquar.

187 1791 228 1823 50
248 1779 362 1816 ΜΕΝ.
397 1791 476 1816 non
497 1778 627 1815 hercle
653 1776 889 1827 egoquidem
911 1789 1077 1826 usquam
1099 1776 1309 1826 quicquam
1332 1784 1428 1815 nuto
1448 1789 1578 1827 neque

1366 1841 1472 1880 nicto
1492 1841 1573 1880 tibi.

246 1909 330 1947 ΜΛ.
362 1907 412 1946 ne
433 1921 505 1957 ego
525 1914 676 1946 ecastor
698 1906 836 1945 mulier
856 1906 1007 1945 misera.
1059 1908 1173 1944 ΜΕΝ.
1197 1905 1264 1956 qui
1285 1913 1326 1944 tu
1348 1905 1487 1945 misera
1507 1909 1579 1946 es?

1349 1971 1401 2009 mi
1422 1971 1573 2021 expedi.

246 2040 313 2077 PE.
346 2038 442 2077 nihil
464 2040 540 2077 hoc
561 2037 825 2077 confidentius
845 2052 852 2075 :
873 2036 968 2087 quin
989 2050 1092 2087 quae
1112 2036 1224 2075 uides
1244 2049 1289 2075 ea
1311 2043 1504 2086 pernegat.
1593 2037 1660 2083 615
1692 2031 1694 2034 ’

286 2149 351 2179 599
374 2139 501 2169 licitum
519 2144 570 2169 est
589 2137 725 2177 (-umst)
746 2136 881 2167 Guietus
968 2137 1050 2166 600⁸
1067 2135 1212 2175 placebit
1229 2135 1303 2165 ΡΠ)
1391 2136 1452 2165 601
1472 2134 1575 2165 hodie

242 2194 306 2214 om.
328 2183 359 2213 Β
414 2183 492 2213 huic
510 2181 612 2212 detuli
631 2180 696 2211 cod.
717 2192 724 2211 ι
747 2180 819 2210 irai.
843 2179 967 2210 li'r'tscltl
981 2190 987 2209 :
1003 2178 1084 2216 fort.
1103 2179 1134 2209 h.
1156 2179 1294 2209 detetuli
1384 2179 1448 2208 602
1472 2178 1574 2208 statin

242 2226 306 2258 cod.
329 2229 420 2261 (corr.
452 2225 517 2265 8²)
657 2225 721 2263 604
747 2228 914 2254 mecastor
937 2222 1002 2253 cod.
1147 2223 1212 2260 605
1237 2223 1323 2261 potis
1342 2220 1574 2254 Lindemann:

244 2264 381 2310 potesse
399 2269 465 2300 cod.
485 2269 536 2309 (cs.
555 2267 647 2309 Epid.
669 2278 729 2307 227
755 2272 889 2306 potesse
910 2272 970 2306 pro
993 2266 1081 2305 potis
1098 2265 1147 2296 vel
1161 2268 1257 2307 pote)
1410 2266 1475 2296 608
1497 2264 1575 2296 Tris

243 2314 309 2344 cod.
323 2315 416 2354 (corr.
436 2313 495 2351 ΒΩ)
544 2312 587 2342 sit
603 2321 640 2342 se
657 2311 737 2342 diss.
759 2310 823 2341 cod.
895 2311 960 2349 609
975 2310 1054 2349 quid
1074 2319 1179 2349 panes
1198 2312 1368 2339 matronae
1383 2309 1576 2341 continuant

242 2358 302 2389 alii
473 2357 538 2386 610
564 2365 672 2395 pauco
689 2354 735 2385 Β*
753 2366 758 2384 :
782 2354 884 2394 paulo
907 2353 972 2384 cod.
999 2356 1074 2392 (pro
1091 2352 1207 2393 panio)
1319 2355 1424 2382 totum
1442 2361 1573 2382 versum

244 2401 455 2431 Mmaechmo
470 2399 553 2430 dant
566 2398 628 2430 alii
791 2399 854 2436 614
875 2401 950 2438 post
964 2407 992 2427 v.
1013 2397 1079 2435 619
1096 2395 1268 2436 Kiessln'ng
1347 2396 1428 2434 quid
1446 2394 1574 2426 Partus

243 2447 306 2484 615
330 2445 480 2484 quinque
495 2443 562 2474 cod.
578 2455 584 2474 ς
608 2443 663 2482 qui
682 2451 768 2483 quae
788 2442 834 2471 13²·
924 2441 972 2472 vel
987 2442 1175 2481 pernegat?
1194 2439 1448 2481 (interrogative)
