1727 2712
657 118 985 156 AVLVLARIA
1489 125 1606 153 PROL.

153 237 221 269 aut
240 237 325 269 ture
344 236 412 268 aut
432 228 528 268 uino
547 235 614 267 aut
634 228 754 279 aliqui
775 241 930 278 semper
950 227 1156 278 supplicat,

90 309 132 346 25
153 297 222 335 dat
242 294 337 333 mihi
357 307 534 333 coronas.
593 293 677 332 eius
697 292 858 332 honoris
877 292 1000 343 gratia
1509 303 1547 335 25

153 359 228 399 feci
249 361 503 398 thensaurum
525 366 567 397 ut
588 358 652 398 hic
672 357 855 409 reperiret
878 357 1030 405 Euclio,

154 438 235 476 quo
255 425 361 463 illam
382 423 533 462 facilius
553 431 732 474 nuptum,
755 422 787 461 si
807 424 937 470 uellet,
960 423 1081 462 daret.

154 504 246 530 nam
268 488 500 541 compressit
520 503 607 528 eam
628 490 679 528 de
700 501 857 527 summo
876 489 1111 527 adulescens
1131 489 1231 526 loco.

155 555 187 594 is
207 555 279 594 scit
298 556 532 594 adulescens
553 567 655 604 quae
675 553 725 592 sit
744 566 864 604 quam
884 553 1171 604 compresserit,

90 634 136 669 30
154 620 220 659 illa
240 620 350 659 illum
371 619 508 667 nescit,
532 633 662 670 neque
682 632 949 669 compressam
969 626 1102 657 autem
1124 626 1242 669 pater.
1508 628 1552 660 30

154 699 243 725 eam
263 698 337 736 ego
358 685 478 724 hodie
500 685 640 724 faciam
662 692 704 723 ut
725 684 789 723 hic
810 697 929 722 senex
949 685 1000 722 de
1020 697 1213 734 proxumo

155 750 230 789 sibi
250 751 411 789 uxorem
432 757 580 801 poscat.
640 750 680 789 id
701 763 748 789 ea
768 749 907 788 faciam
929 749 1051 799 gratia

155 831 236 868 quo
257 817 321 856 ille
342 830 429 855 eam
450 816 602 855 facilius
622 818 743 856 ducat
763 816 831 866 qui
852 822 1146 866 compresserat.

156 890 195 922 et
214 883 279 921 hic
299 882 367 933 qui
387 890 525 933 poscet
545 896 633 921 eam
654 882 728 920 sibi
749 895 910 920 uxorem
931 894 1062 928 senex,

93 957 136 995 35
156 948 188 986 is
208 947 472 986 adulescentis
494 947 595 986 illius
616 955 674 986 est
693 948 925 993 auonculus,
1510 953 1548 986 35

156 1013 223 1064 qui
243 1013 349 1051 illam
371 1013 562 1063 stuprauit
583 1020 715 1059 noctu,
739 1012 891 1053 Cereris
913 1011 1064 1062 uigiliis.

156 1080 226 1117 sed
247 1078 311 1116 hic
331 1091 450 1117 senex
470 1078 547 1116 iam
569 1079 711 1116 clamat
732 1077 837 1116 intus
858 1084 900 1115 ut
921 1078 1030 1116 solet.

155 1158 276 1182 anum
298 1146 400 1183 foras
420 1144 601 1191 extrudit,
624 1158 674 1183 ne
695 1143 742 1182 sit
764 1144 933 1182 conscia.

156 1211 277 1249 credo
296 1223 434 1249 aurum
456 1210 648 1261 inspicere
668 1211 762 1257 uolt,
786 1224 836 1248 ne
857 1217 1081 1261 surruptum
1103 1208 1184 1248 siet.

676 1451 911 1500 ACTVS
962 1452 981 1499 I

511 1569 724 1606 EVCLlo
836 1568 1130 1605 STAPHYLA
1512 1571 1574 1608 I.i

95 1680 142 1713 40
160 1669 257 1706 Evc.
278 1667 543 1718 Exi‚ir1quam‚
554 1680 625 1717 age
639 1666 717 1705 exi:
734 1665 959 1704 exeundum
974 1666 1104 1704 hercle
1118 1664 1188 1703 tibi
1203 1665 1295 1703 hinc
1303 1672 1361 1703 est
1375 1666 1487 1712 foras,

158 1733 518 1784 circumspectatrix
537 1746 628 1772 cum
650 1731 774 1771 oculis
795 1730 1010 1770 emissiciis.

158 1800 249 1837 STA.
282 1812 373 1837 nam
395 1811 467 1849 qur
488 1811 551 1836 me
572 1797 753 1836 miseram
776 1796 989 1835 uerberas?
1047 1798 1144 1834 Evc.
1178 1803 1220 1834 ut
1241 1795 1381 1834 misera
1403 1795 1453 1834 sis

158 1872 277 1914 atque
297 1872 339 1902 ut
360 1871 398 1902 te
418 1864 578 1914 dignam
603 1865 705 1901 mala
725 1864 869 1901 malam
889 1869 1058 1900 aetatem
1081 1861 1219 1911 exigas.

161 1931 252 1968 STA.
284 1943 376 1968 nam
397 1942 475 1979 qua
496 1942 559 1967 me
576 1942 682 1967 nunc
702 1942 841 1966 caussa
861 1927 1055 1966 extrusisti
1076 1941 1122 1965 ex
1142 1927 1337 1965 aedibus?
1510 1938 1526 1969 5

97 2004 140 2040 45
163 1997 260 2034 Evc.
292 1995 363 2034 tibi
384 2008 457 2045 ego
478 1994 669 2032 rationem
690 1994 865 2041 reddam,
888 1993 1135 2031 stimulorum
1157 1994 1296 2042 seges?

161 2059 252 2098 illuc
272 2061 474 2110 regredere
494 2059 544 2097 ab
565 2058 679 2097 ostio.
736 2058 828 2097 illuc
849 2057 900 2096 sis
921 2058 1024 2105 uide,

159 2133 202 2164 ut
222 2125 379 2164 ince'dit.
438 2132 477 2163 at
497 2124 581 2163 scin
602 2137 682 2174 quo
703 2125 825 2162 modo
846 2123 916 2162 tibi
938 2136 997 2162 res
1018 2136 1060 2162 se
1080 2123 1229 2161 habet?

159 2191 189 2230 si
209 2192 340 2230 hercle
360 2190 480 2229 hodie
500 2192 644 2229 fustem
665 2203 806 2240 cepero
827 2197 893 2228 aut
915 2189 1117 2227 stimulum
1140 2189 1179 2226 in
1203 2202 1374 2234 manum,

202 2279 245 2309 28
268 2288 342 2309 eam
373 2278 574 2318 compressit
605 2277 716 2316 Bothe,
750 2277 802 2307 cui
826 2279 1027 2317 compressit
1060 2287 1133 2307 eam
1166 2276 1308 2316 displicet
1448 2285 1490 2315 35

161 2326 213 2352 est
240 2322 328 2352 illius
358 2322 431 2361 Leo,
462 2332 543 2352 nam
564 2321 750 2352 auonculus
777 2320 964 2360 quad›7·syll.
996 2325 1181 2360 suspectmu
1353 2330 1395 2357 40
1409 2321 1489 2358 fhrt.

160 2365 283 2396 delenti.
308 2366 363 2395 exi
389 2366 445 2402 (iv.
463 2366 499 2404 3)
690 2366 733 2403 46
757 2365 900 2403 regrede
923 2364 988 2394 cod.
1181 2364 1222 2400 48
1247 2362 1360 2392 hercle
1390 2363 1491 2394 hodie

160 2408 384 2449 Kampmcmn
403 2420 409 2441 :
436 2409 538 2441 hodie
559 2408 674 2439 hercle
690 2407 769 2446 cod.,
788 2409 944 2438 inusitato
963 2407 1134 2438 verborum
1153 2406 1262 2436 ordine
