1727 2702
131 89 219 128 II.i
618 88 664 125 T.
699 87 880 126 MACCI
914 87 1115 126 PLAVTI

208 203 280 239 AL.
314 202 396 239 sace
436 200 556 238 semel
597 198 797 249 periclum.
859 200 941 237 ΜΕ.
974 198 1047 238 feci
1082 212 1210 250 saepe,
1246 200 1354 250 quod
1388 200 1534 238 factum

1381 277 1534 314 queror.

210 334 281 370 AL.
305 332 426 370 redde
448 329 545 369 mihi
565 329 682 368 illam.
744 331 827 367 ME.
851 328 951 368 inter
971 343 1115 369 nouam
1141 344 1221 368 rem
1243 331 1407 369 uerbum
1433 343 1538 368 usur·
1558 343 1623 380 505

1276 395 1380 446 pabo
1401 402 1538 433 uetus:

213 463 343 512 ‘quod
363 460 457 500 dedi
479 462 616 499 datum
637 473 717 498 non
740 460 894 506 uellem,
917 460 1026 510 quod
1048 459 1273 498 relicuomst
1293 473 1374 498 non
1395 459 1526 498 dabo.’

148 544 190 576 40
211 529 283 565 AL.
316 539 397 565 non
418 524 627 564 remissura
646 538 688 563 es
709 523 805 562 mihi
833 523 969 562 illam?
1026 525 1109 563 ΜΕ.
1140 537 1211 575 pro
1240 537 1304 563 me
1333 537 1540 575 responsas

1456 587 1536 627 tibi.

211 658 283 695 AL.
315 670 396 695 non
430 655 634 694 remittes?
691 656 773 692 ME.
806 653 882 692 scis
916 653 993 692 iam
1027 655 1181 693 dudum
1215 667 1375 693 omnem
1410 666 1539 692 meam

1291 717 1537 758 sententiam.

211 789 283 826 AL.
316 786 416 825 satin
438 786 537 824 istuc
558 784 628 823 tibi
650 784 689 822 in
710 785 829 823 corde
849 785 1069 822 certumst?
1126 786 1208 823 ΜΕ.
1241 783 1337 834 quin
1360 797 1411 822 ne
1437 796 1541 822 com-

1192 856 1346 887 mentor
1365 847 1538 898 quidem.
1576 895 1585 906 .

213 915 309 970 [non
331 917 474 967 edepol
494 914 603 967 (ego)
622 914 741 953 istaec
764 922 829 952 tua
849 914 955 952 dicta
975 927 1080 952 nunc
1102 913 1141 951 in
1161 913 1263 952 auris
1284 913 1440 964 recipio.
1564 927 1632 963 5¹0

212 984 286 1020 AL.
319 983 429 1020 non?
467 981 570 1026 hem,
605 978 702 1029 quid
735 978 817 1029 agis
852 978 996 1028 igitur?
1053 980 1135 1017 ΜΕ.
1167 977 1344 1017 animum
1378 979 1543 1017 aduorte

987 1042 1077 1090 iam,
1100 1050 1142 1081 ut
1162 1042 1258 1093 quid
1277 1056 1391 1094 agam
1412 1040 1542 1096 scias]

154 1129 194 1159 45
215 1114 288 1150 AL.
319 1119 358 1150 at
390 1110 443 1149 ita
473 1123 536 1148 me
565 1109 605 1148 di
635 1110 824 1158 deaeque,
856 1107 986 1158 superi
1015 1115 1134 1158 atque
1163 1107 1274 1146 inferi
1304 1115 1342 1147 et
1372 1107 1545 1147 mediox-

1449 1171 1541 1219 umi,

215 1242 346 1292 itaque
369 1255 430 1280 me
453 1243 555 1279 Iuno
576 1240 708 1291 regina
727 1246 766 1278 et
788 1239 887 1277 Ioui'
907 1238 1077 1289 supremi
1100 1238 1177 1277 filia

216 1306 347 1357 itaque
369 1320 431 1345 me
453 1307 642 1344 Saturnus
663 1304 760 1343 eiius
782 1305 1082 1354 patruos—ME.
1114 1312 1267 1342 ecastor
1287 1311 1405 1354 pater.

215 1373 287 1409 AL.
312 1370 442 1421 itaque
468 1383 531 1408 me
552 1370 637 1420 Ops
667 1370 865 1419 opulenta,
889 1367 990 1406 illius
1018 1367 1248 1407 auia—ME.
1272 1368 1395 1408 immo
1422 1376 1544 1407 mater
1565 1376 1628 1413 515

1368 1433 1540 1484 quidem.

215 1505 288 1540 AL.
324 1503 426 1540 Iuno
447 1501 524 1538 filia
545 1508 582 1539 et
603 1502 793 1538 Saturnus
814 1506 972 1549 patruos
992 1507 1031 1537 et
1051 1501 1229 1538 summus
1251 1499 1476 1550 Iuppiter——

155 1586 198 1619 50
217 1575 258 1605 tu
281 1581 342 1605 me
362 1565 524 1612 delenis,
548 1572 704 1614 propter
725 1571 762 1602 te
783 1565 880 1602 haec
901 1577 1034 1613 pecco.
1097 1565 1179 1602 ΜΕ.
1211 1577 1326 1614 perge
1346 1563 1487 1602 dicere.

217 1633 290 1669 Al..
321 1645 424 1670 anne
458 1630 575 1669 etiam
615 1629 711 1679 quid
751 1630 976 1666 consultura
1014 1628 1065 1667 sis
1103 1629 1254 1667 sciam?
1311 1630 1395 1667 ME.
1427 1642 1543 1679 perge

1397 1692 1540 1743 eloqui.

216 1775 295 1801 non
318 1761 523 1800 remittam.
582 1758 837 1798 definitumst.
917 1760 987 1796 AL.
1020 1758 1125 1797 enim
1155 1772 1249 1797 uero
1279 1758 1332 1796 ita
1362 1771 1424 1796 me
1456 1759 1545 1807 Iup-

1445 1821 1544 1873 piter

217 1892 347 1942 itaque
370 1904 432 1929 me
456 1892 558 1928 Iuno
580 1891 710 1939 itaque
733 1890 853 1927 Ianus
875 1888 1078 1939 ita—quid
1099 1889 1226 1928 dicam
1249 1888 1393 1927 nescio.
1565 1896 1633 1933 520

217 1958 292 1996 iam
315 1956 406 1995 scio.
468 1955 600 2001 immo,
626 1954 776 2001 mulier,
797 1953 900 2000 audi,
925 1967 1051 1992 meam
1075 1962 1115 1992 ut
1136 1954 1235 1992 scias
1256 1952 1501 1992 sententiam.

261 2070 322 2100 504
349 2071 429 2099 sepe
447 2060 509 2090 feci
527 2059 559 2090 P
667 2068 728 2097 507
755 2067 918 2096 responsa
936 2056 969 2087 P
1075 2067 1140 2097 509
1163 2061 1323 2088 certumst
1341 2056 1373 2086 in
1392 2055 1493 2086 eorde
1510 2055 1542 2085 A

219 2116 260 2135 ne
276 2104 430 2144 Sryffert:
457 2114 474 2133 e
494 2102 524 2132 A
547 2103 662 2143 (praec.
682 2104 717 2133 n‘.
737 2113 743 2131 :
767 2111 831 2140 ego
848 2100 966 2139 Prseq.
983 2102 1051 2132 σεο-ἵ
1144 2110 1243 2140 510-1
1272 2110 1337 2130 om.
1354 2099 1387 2128 A
1474 2102 1548 2139 post

219 2149 283 2187 518
310 2147 509 2185 transposuit
531 2145 666 2186 Seyffert
687 2143 789 2181 (Berl.
814 2143 898 2174 Phil.
929 2143 1034 2175 Woch.
1067 2146 1158 2184 1896,
1188 2154 1217 2184 p.
1247 2145 1327 2182 84.ss
1483 2151 1546 2181 510

220 2202 283 2230 ego
311 2190 385 2222 add.
405 2189 531 2220 Scltoell
661 2197 720 2227 5¹¹
748 2198 780 2226 q.
805 2197 902 2226 agam
926 2186 1032 2218 Rost:
1059 2188 1140 2227 quid
1159 2187 1263 2227 {quod
1288 2187 1352 2217 1³2³
1373 2195 1454 2225 agas
1475 2185 1542 2216 cod.

221 2245 284 2275 5¹2
309 2241 409 2273 atque
427 2244 492 2264 om.
515 2231 603 2263 codd.
621 2231 783 2262 Pn'sciam'
796 2240 821 2269 ι,
841 2232 883 2260 62
992 2241 1054 2270 514
1080 2237 1218 2270 patruus
1229 2231 1303 2260 eius
1320 2229 1352 2260 Ρ
1424 2239 1472 2260 ec.
1491 2228 1543 2269 p.]

222 2283 254 2309 et
272 2288 421 2308 summus
439 2281 536 2316 pater
552 2275 584 2305 A
605 2276 659 2314 (ex
672 2285 701 2305 v.
722 2275 802 2313 516)
959 2276 1022 2311 516
1045 2273 1222 2305 Melaenidi
1237 2274 1404 2304 continuat
1423 2271 1544 2312 Ussing

225 2322 290 2352 fitia
311 2322 393 2352 Iuno
411 2322 441 2351 A
518 2319 686 2359 luppiter]
715 2321 812 2357 pater
829 2317 960 2356 Bentley
978 2318 1027 2357 ¹cs.
1046 2317 1131 2348 adv.
1153 2318 1232 2356 514)
1365 2317 1429 2356 518
1452 2326 1481 2346 a.
1510 2319 1546 2345 ut

223 2367 324 2396 ctiam
341 2365 372 2394 Ι)
386 2367 454 2404 ‘pro
469 2375 499 2394 a.
512 2374 541 2394 e.
561 2368 595 2392 ut
609 2363 633 2397 ἲ)
725 2361 771 2391 sis
785 2361 887 2391 sciam
899 2371 964 2391 om.
979 2361 1011 2390 A
1125 2360 1190 2391 ΜΕ.
1209 2360 1330 2401 perge]
1344 2370 1380 2390 es
1395 2369 1498 2399 perge
1511 2358 1544 2389 A

224 2420 289 2448 520
314 2409 423 2447 itaque
451 2405 566 2446 lanus]
598 2410 631 2436 et
649 2410 809 2436 saturnus
826 2403 920 2442 P<ex
934 2415 962 2435 v.
979 2406 1081 2446 5163)
