1686 2722
734 98 1055 138 PRAEFATIO

233 210 429 249 Palatinae
458 209 697 248 recensionis
725 208 882 247 solitum
911 222 996 248 esse
1021 210 1165 248 formas
1186 215 1366 258 amatust,
1390 215 1561 248 amatas!

230 276 282 314 ita
303 284 452 313 mutare
473 282 513 312 ut
531 287 643 312 verus
663 275 762 312 ordo
777 287 1062 324 saepenumero
1082 275 1130 313 sit
1151 276 1328 314 turbatus
1351 276 1400 326 (v.
1411 289 1445 325 g.
1465 277 1553 316 Cas.

229 343 307 377 620
323 348 491 378 nostrast
513 336 654 391 domo]
676 346 809 377 nostra
829 340 951 378 domo
967 347 1025 378 est
1043 342 1102 388 P3
1129 339 1219 380 Cas.
1239 342 1315 389 878
1337 341 1556 391 puditumst

229 403 435 456 umquam]
462 404 643 454 puditum
670 417 858 454 umquam
886 412 944 442 est
971 406 1053 454 P);
1082 406 1188 444 unde
1215 406 1379 456 liquebit
1407 407 1555 444 nullam

229 471 347 509 fidem
371 471 570 508 Palatinae
594 469 812 507 recensioni
837 478 975 508 contra
998 470 1272 509 auctoritatem
1301 471 1553 510 Ambrosiani

227 537 399 575 dandam
423 535 462 573 in
484 535 579 574 Cist.
607 549 680 572 120
701 543 738 573 et
763 534 967 573 similibus.
1028 536 1169 585 Neque
1191 536 1214 574 ii
1237 537 1402 574 lectores
1427 536 1492 586 qui
1516 536 1554 574 in

227 615 286 639 vv.
316 603 402 651 556,
436 603 507 650 567
537 598 762 638 Trinummi
792 599 948 638 fabulae
977 600 1145 638 scribam
1178 600 1400 638 Palatinum
1431 600 1490 639 bis
1515 600 1553 639 in

226 667 396 705 eundem
423 677 592 704 errorem
619 665 773 714 lapsum
798 666 1145 715 deprehenderunt
1171 665 1324 716 (dixisti
1343 678 1413 715 pro
1433 666 1554 716 dixu)

226 731 465 769 dubitabunt
494 743 586 768 eum
615 729 793 769 eiusdem
825 729 961 768 erroris
989 729 1027 768 in
1053 744 1085 768 v.
1116 733 1190 768 602
1223 731 1489 769 condemnare
1516 738 1554 769 et

225 809 379 834 versum
400 795 456 834 sic
476 796 688 844 refingere:

225 861 431 911 qu6mod0
450 868 492 899 tu
514 860 624 906 istuc,
649 859 826 906 Sfflsime,
849 859 944 898 dixti
968 859 1122 909 (dixisti
1140 859 1201 910 P),
1222 860 1397 899 nostrum
1420 859 1553 899 erilem

279 927 402 966 filium
416 929 433 965 Ρ

225 992 303 1031 Sed
324 993 375 1031 de
395 993 469 1030 hac
489 990 639 1029 ratione
663 989 903 1028 emendandi
925 988 1018 1028 alibi
1040 989 1217 1041 (‘Journ.
1241 989 1352 1028 Phil.'
1376 992 1434 1037 26,
1462 990 1552 1040 290)

225 1057 302 1097 dixi
319 1058 340 1095 ¹.
404 1056 483 1095 Hic
517 1056 609 1093 satis
639 1062 697 1093 est
732 1054 903 1104 profiteri
939 1067 1003 1093 me
1034 1054 1365 1106 Palaeographiae
1393 1054 1554 1094 arbitrio

225 1135 510 1174 saepenumero
536 1120 738 1171 reliquisse
766 1119 968 1170 optionem
998 1119 1098 1159 inter
1121 1133 1304 1170 magnam
1332 1121 1437 1158 illam
1464 1133 1555 1159 con-

224 1189 457 1228 iecturarum
489 1187 643 1225 turbam
673 1198 792 1236 quam
825 1185 865 1222 in
897 1185 1071 1224 editione
1104 1185 1383 1225 Teubneriana
1418 1186 1553 1226 maiori

225 1254 404 1306 reperies,
428 1253 480 1291 ita
500 1261 542 1291 ut
563 1253 596 1290 ei
619 1250 778 1290 lectioni
800 1250 901 1290 inter
924 1264 1036 1301 pares
1061 1253 1233 1302 palmam
1253 1253 1431 1292 dederim
1451 1266 1554 1304 quae

225 1320 408 1360 facillime
428 1333 474 1358 ex
491 1317 642 1356 usitatis
663 1315 877 1355 scribarum
895 1324 1116 1355 nostrorum
1135 1317 1328 1357 erroribus
1348 1332 1435 1358 eam
1452 1332 1554 1370 quae

225 1388 263 1426 in
284 1385 490 1426 codicibus
509 1390 671 1434 apparet
692 1383 858 1421 sormam
879 1381 1058 1432 accipere
1077 1382 1282 1433 potuerit².

224 1491 462 1532 positionibus,
488 1489 520 1518 in
548 1487 616 1518 111⁰
635 1497 677 1517 ex
702 1485 950 1525 omissionibus,
975 1486 1009 1516 in
1037 1486 1100 1517 1V⁰
1117 1498 1160 1517 ex
1184 1487 1436 1528 additamentis,
1458 1489 1490 1519 in
1509 1488 1554 1518 V⁰

224 1555 265 1575 ex
288 1542 438 1575 confusis
460 1541 549 1570 inter
572 1549 609 1569 se
630 1537 798 1569 similibus
814 1537 994 1575 vocabulis,
1015 1537 1048 1568 in
1067 1537 1132 1569 V1⁰
1150 1549 1193 1570 ex
1214 1539 1330 1571 formis
1353 1540 1552 1579 litterarum,

223 1598 255 1627 in
289 1595 372 1626 V110
405 1604 447 1624 ex
479 1592 596 1623 formis
630 1590 921 1621 abbreviationum
954 1590 1008 1621 vel
1045 1592 1317 1631 compendiorum
1352 1593 1552 1633 scripturae.

224 1648 324 1688 Quod
351 1646 487 1687 quidem
519 1653 635 1674 eorum
665 1652 767 1673 causa
791 1641 866 1672 dico
890 1642 947 1681 qui
977 1652 1046 1673 rem
1076 1642 1390 1683 palaeographicam
1420 1645 1554 1685 longius

225 1699 380 1741 persequi
399 1697 525 1728 nolunt.
577 1695 661 1726 Nam
681 1694 714 1725 in
733 1694 955 1725 adnotatione
973 1695 1158 1726 identidem
1175 1696 1274 1726 citavi
1292 1697 1377 1728 hanc
1394 1697 1447 1727 vel
1466 1697 1553 1728 illam

225 1751 423 1792 particulam
442 1749 541 1780 huius
554 1747 607 1779 vel
627 1747 717 1778 illius
735 1746 879 1786 capitis;
896 1746 988 1777 velut
1002 1747 1044 1777 ad
1058 1747 1134 1778 Aul.
1149 1748 1215 1787 659
1229 1748 1332 1790 intro]
1352 1749 1449 1780 ‘hinc
1467 1749 1553 1780 intro

223 1804 290 1835 cod.
332 1805 372 1835 iv.
397 1802 451 1843 3)’
474 1800 603 1832 numeri
631 1799 719 1830 intra
744 1798 886 1830 uncinos
913 1798 1030 1829 inclusi
1056 1805 1209 1838 spectant
1233 1801 1275 1831 ad
1300 1800 1420 1840 capitis
1444 1802 1552 1840 quarti

225 1856 356 1887 tertiam
385 1853 595 1895 particulam,
625 1851 680 1882 ubi
712 1856 869 1882 narratur
894 1850 1020 1881 scribas
1048 1851 1167 1882 solitos
1193 1861 1271 1883 csse
1295 1852 1490 1884 vocabulum
1520 1854 1552 1884 in

225 1907 407 1947 exemplari
441 1914 670 1946 praepropere
708 1903 835 1943 legere,
869 1912 1046 1942 perperam
1077 1902 1283 1943 describere,
1314 1909 1383 1936 tum
1416 1905 1553 1944 cognito

225 1959 336 1990 statim
372 1969 488 1989 errore
521 1956 720 1988 vocabulum
762 1965 940 1995 perperam
975 1955 1186 1995 descriptum
1224 1955 1425 1996 relinquere,
1463 1963 1553 1989 recte

225 2011 428 2050 descriptum
455 2011 546 2040 iuxta
573 2019 705 2050 ponere.
756 2008 871 2048 Siquis
897 2008 997 2047 igitur
1016 2012 1119 2038 totam
1142 2017 1211 2038 rcm
1235 2008 1393 2048 explicari
1411 2009 1491 2048 vult,
1511 2011 1552 2041 ad

224 2063 370 2094 libellum
395 2073 432 2093 se
457 2067 655 2101 convertat;
680 2062 707 2093 si
735 2061 879 2092 noluerit
903 2062 962 2092 has
980 2060 1177 2101 quisquilias
1199 2060 1366 2101 persequi,
1386 2062 1468 2092 satis
1490 2062 1553 2092 erit

224 2126 430 2154 cognoscere
450 2126 598 2146 errorem
619 2127 661 2146 ex
681 2127 785 2156 prava
801 2115 954 2147 vocabuli
974 2115 1164 2147 adiectione
1182 2121 1301 2147 ortum.

271 2168 278 2186 ¹
306 2167 401 2208 [Post
420 2168 502 2199 haec
521 2170 646 2209 scripta
668 2179 754 2200 nunc
775 2170 863 2200 addo
883 2179 935 2199 me
953 2169 985 2199 in
1005 2167 1116 2199 libello
1137 2171 1163 2205 (‘
1178 2167 1323 2199 Ancient
1343 2167 1500 2199 Editions
1519 2168 1555 2199 of

227 2219 384 2250 Plautus·
412 2220 558 2262 Parker.,
587 2221 712 2261 Oxon.‚
750 2222 846 2261 1903)
878 2231 953 2251 mox
982 2221 1155 2261 prodituro
1186 2220 1319 2260 plenius
1348 2225 1451 2251 totam
1482 2230 1551 2250 rem

225 2272 419 2304 tractavisse
445 2279 479 2305 et
505 2274 547 2305 de
574 2273 789 2314 plurimorum
817 2273 966 2304 locorum
993 2273 1150 2312 (quorum
1176 2272 1278 2302 index
1302 2271 1334 2302 in
1359 2271 1426 2302 fine
1449 2270 1551 2302 libelli

226 2328 292 2357 est)
311 2324 513 2357 lectionibus
530 2324 753 2366 disputasse.]

269 2375 282 2396 ²
306 2376 409 2416 Siqua
429 2377 531 2416 igitur
548 2377 652 2407 libelli
671 2377 735 2407 mei
755 2376 787 2406 in
806 2376 1025 2407 adnotatione
1043 2375 1158 2406 citatio
1175 2385 1424 2415 supervacanea
1444 2374 1552 2414 primo

876 2445 897 2471 Χ
