1727 2712
651 107 926 147 ASINARIA
1371 105 1450 142 III.
1471 103 1517 141 iii

118 220 329 271 agnellum,
352 217 567 257 haedillum
588 230 652 256 me
672 224 783 255 tuom
804 215 870 255 dic
889 228 976 253 esse
995 216 1059 253 uel
1080 214 1271 261 uitellum,

117 285 320 336 prehende
339 283 533 330 auriculis,
555 295 741 333 compara
760 281 904 319 labella
922 293 1014 318 cum
1035 279 1197 318 labellis.

118 353 223 390 ARG.
256 358 323 390 ten
356 351 566 397 osculetur,
602 348 799 388 uerbero?
869 348 939 384 LE.
972 359 1092 396 quam
1122 358 1217 384 uero
1244 344 1451 394 indignum

1213 409 1343 448 uisum
1364 411 1452 448 est?

29 486 100 529 670
116 480 226 531 atqui
246 481 314 532 pol
334 479 454 519 hodie
474 492 555 517 non
576 479 685 524 feres,
709 476 749 515 ni
768 489 897 528 genua
917 475 1192 515 confricantur.
1471 477 1514 508 80

116 548 221 584 ARG.
254 545 413 596 quiduis
433 552 585 595 egestas
605 543 770 594 imperat
787 558 794 581 :
825 541 1022 580 fricentur.
1081 542 1162 579 dan
1182 541 1291 591 quod
1312 541 1412 578 oro?

116 613 190 650 PH.
222 624 308 661 age,
328 610 383 648 mi
403 609 593 656 Leonida,
617 621 796 659 opsecro,
816 608 873 646 fer
892 606 1041 645 amanti
1062 619 1129 645 ero
1150 607 1327 653 salutem,

116 676 264 716 redime
277 676 376 715 istoc
390 674 586 714 beneficio
601 682 640 713 te
655 674 706 712 ab
719 675 808 721 hoc,
823 681 862 712 et
878 672 949 711 tibi
962 685 1050 710 eme
1066 672 1174 709 hunc
1187 671 1263 709 isto
1276 679 1448 721 argento.

117 744 187 780 LE.
218 742 325 780 nimi'
339 742 442 780 bella
454 754 496 779 es
511 748 631 790 atque
646 738 838 786 amabilis,
856 745 895 777 et
911 737 943 776 si
959 739 1036 776 hoc
1051 750 1185 776 meum
1201 744 1314 784 esset,
1330 736 1451 775 hodie

29 816 94 860 675
115 820 333 857 numquam
355 820 419 845 me
439 819 568 845 orares
589 804 685 856 quin
705 803 840 843 dare‘m
857 819 864 842 :
894 802 1005 841 illum
1027 810 1065 841 te
1085 815 1195 841 orare
1215 801 1382 849 meliust,
1470 808 1509 848 85

115 872 194 910 illic
214 873 317 911 hanc
338 871 391 910 mi
412 872 648 910 seruandam
669 869 789 908 dedit.
850 869 861 906 i
882 882 978 907 sane
998 868 1102 906 bella
1122 868 1236 906 belle.

114 950 212 987 cape
231 937 309 975 hoc
328 935 392 983 sis,
415 935 578 974 Libane.
638 937 743 973 ARG.
777 933 944 981 furcifer,
966 932 1085 971 etiam
1106 946 1170 971 me
1190 932 1397 971 delusisti?

116 1004 186 1040 LE.
213 1015 432 1052 numquam
448 1002 579 1039 hercle
592 1001 773 1045 facerem,
789 1012 918 1049 genua
933 998 973 1036 ni
989 1006 1069 1036 tam
1086 997 1267 1048 nequiter
1282 998 1449 1036 fricares.

114 1081 186 1117 age
206 1066 258 1105 sis
278 1074 320 1105 tu
340 1066 382 1105 in
401 1074 552 1117 partem
573 1061 759 1104 nunciam
780 1065 888 1103 hunc
911 1064 1058 1102 delude
1084 1071 1204 1113 atque
1229 1065 1452 1114 amplexare

1336 1129 1448 1166 hanc.

28 1205 99 1239 680
116 1199 177 1236 L1.
208 1205 350 1245 taceas,
379 1210 443 1235 me
473 1203 636 1247 spectes.
696 1196 802 1233 ARG.
833 1193 930 1244 quin
959 1194 1011 1232 ad
1041 1194 1159 1241 hunc,
1189 1193 1449 1240 Philaenium,
1471 1207 1515 1239 90

1186 1258 1448 1308 adgredimur,

115 1328 243 1367 uirum
263 1327 426 1378 quidem
447 1328 514 1377 pol
535 1334 746 1377 optumum
766 1332 805 1364 et
825 1338 907 1363 non
927 1324 1096 1363 similem
1118 1324 1212 1362 furis
1233 1323 1362 1362 huiius
1375 1326 1393 1362 ?

115 1395 176 1431 L1.
207 1392 537 1431 inambulandum
558 1399 640 1430 est:
671 1403 777 1429 nunc
798 1389 895 1428 mihi
916 1389 1090 1428 uicissim
1112 1389 1402 1439 supplicabunt.

115 1460 220 1497 ARG.
252 1471 401 1508 quaeso
421 1458 563 1503 hercle,
586 1456 752 1503 Libane,
768 1449 828 1494 sis*
843 1468 952 1493 erum
974 1454 1050 1493 tuis
1071 1454 1182 1493 factis
1202 1454 1394 1505 sospitari‚

115 1525 167 1562 da
186 1523 240 1561 mi
261 1523 353 1561 istas
374 1521 513 1573 uiginti
534 1521 671 1560 minas.
731 1520 844 1559 uides
865 1533 929 1558 me
949 1527 1150 1558 amantem
1170 1533 1294 1570 egere.

27 1591 93 1636 685
116 1591 176 1628 L1.
208 1588 416 1628 uidebitur.
476 1589 625 1626 factum
645 1588 751 1625 uolo.
810 1585 936 1625 redito
957 1586 1035 1624 huc
1055 1585 1295 1624 conticinno.
1470 1598 1512 1631 95

115 1668 222 1693 nunc
244 1653 366 1693 istanc
386 1653 575 1704 tantisper
596 1652 688 1691 iube
708 1659 843 1703 petere
861 1659 982 1702 atque
1002 1664 1112 1690 orare
1132 1665 1301 1690 mecum.

115 1722 191 1758 ΡΗ.
221 1720 448 1758 amandone
469 1718 661 1757 exorarier
681 1717 742 1756 uis
762 1718 830 1756 ted
849 1730 901 1754 an
922 1717 1170 1755 osculando?

115 1786 177 1824 L1.
208 1784 315 1823 enim
337 1797 432 1823 uero
456 1791 677 1834 utrumque.
739 1783 814 1820 PH.
846 1795 949 1832 ergo,
973 1794 1149 1832 opsecrO,
1173 1789 1210 1820 et
1237 1789 1279 1820 tu
1306 1789 1451 1820 utrum-

1028 1860 1105 1896 que
1125 1855 1303 1884 nostrum
1325 1861 1447 1885 serua.

116 1916 221 1953 ARG.
253 1927 278 1953 ο
292 1914 455 1962 Libane,
474 1914 527 1953 mi
544 1922 718 1965 patrone,
735 1912 788 1951 mi
805 1913 916 1951 trade
936 1911 1046 1950 istuc.
1093 1911 1207 1961 magi‘
1223 1913 1451 1950 decorumst

28 1983 98 2027 690
116 1980 299 2019 libertum
320 1980 452 2031 potius
473 1993 592 2030 quarn
614 1987 825 2030 patronum
846 1991 948 2016 onus
969 1977 1009 2015 in
1030 1977 1095 2015 uia
1114 1985 1280 2027 portare.
1474 1991 1534 2012 100

117 2047 192 2083 PH.
224 2045 277 2083 mi
299 2045 462 2093 Libane,
484 2047 633 2084 ocellus
653 2057 805 2091 aureus,
829 2045 981 2082 donum
1002 2044 1204 2093 decusque
1223 2043 1379 2090 amoris,

115 2111 271 2159 amabo,
293 2111 434 2150 faciam
456 2112 566 2161 quod
587 2112 710 2158 uoles,
732 2111 785 2149 da
804 2109 905 2148 istuc
925 2117 1130 2160 argentum
1152 2109 1278 2148 nobis.

158 2214 225 2252 670
248 2214 515 2254 confringantur,
540 2225 616 2245 cum
647 2224 715 2244 var.
745 2213 765 2244 I.
801 2213 1031 2243 confricantur
1061 2213 1126 2244 cod.
1292 2214 1353 2251 671
1382 2214 1446 2243 dan

118 2256 298 2288 Gruterus:
325 2259 407 2288 dant
422 2257 488 2289 cod.
611 2258 676 2296 676
700 2256 727 2297 i]
744 2258 775 2287 ei
794 2257 1003 2297 cod.,forn1a
1020 2258 1157 2296 antiqua
1270 2258 1334 2294 679
1358 2262 1447 2287 tuam

116 2305 245 2340 partem
264 2301 438 2331 Fleckeisen
627 2301 691 2340 685
716 2301 905 2331 uidebimus
920 2299 1007 2330 codd.
1032 2300 1187 2330 Varronis
1205 2299 1243 2329 de
1258 2298 1298 2330 L.
1321 2300 1360 2331 L.
1377 2302 1408 2339 6,
1430 2311 1446 2340 7

115 2344 181 2374 hue
198 2355 264 2374 om.
285 2344 375 2375 codd.
393 2345 484 2376 Varr.
503 2346 533 2376 6.
555 2355 571 2384 7
587 2356 593 2376 z
619 2355 647 2383 7,
668 2354 709 2382 79
785 2343 967 2374 conticinio
984 2343 1071 2374 codd.
1093 2343 1184 2374 Varr.
1202 2344 1231 2382 6,
1254 2354 1269 2382 7
1382 2345 1448 2375 688

116 2398 181 2427 ego
198 2388 261 2418 cod.
282 2388 378 2428 (ergo
396 2388 446 2429 D)
465 2389 512 2429 (v.
534 2398 580 2425 12,
600 2398 630 2428 p.
654 2389 708 2428 74)
800 2388 849 2428 et]
869 2392 901 2417 te
919 2392 952 2417 et
970 2386 1002 2417 Β
