1727 2712
681 112 956 151 ASINARIA
1424 114 1476 151 II.
1499 113 1544 150 iii

66 236 131 272 395
156 225 237 262 ME.
270 236 393 273 quom
414 222 598 271 uenisset,
614 230 705 274 post
720 236 801 262 non
823 222 953 262 redit?
1010 224 1069 262 L1.
1094 236 1174 262 non
1191 224 1344 274 edepol.
1385 223 1482 272 quid
1507 237 1542 269 15

1289 288 1484 327 uolebas?

153 354 236 392 ΜΕ.
268 353 417 403 argenti
438 353 576 404 uiginti
598 354 736 401 minas,
759 353 790 391 si
810 355 978 400 adesset,
1000 353 1226 404 accepisset.

152 419 213 456 L1.
245 418 312 468 qui
332 431 403 469 pro
424 419 555 457 istuc?
613 420 696 457 ME.
728 418 860 457 asinos
882 418 1062 457 uendidit
1084 420 1242 458 Pellaeo
1263 417 1468 457 mercatori

151 491 335 522 mercatu.
395 485 455 522 L1.
489 484 581 523 scio.
642 491 683 523 tu
704 484 745 524 id
766 497 872 523 nune
894 485 1041 523 refers?
1069 483 1145 522 iam
1167 484 1231 523 hic
1251 485 1370 522 credo
1391 497 1482 522 eum

1241 550 1479 588 adfuturum,

152 616 236 653 ME.
267 628 345 665 qua
364 614 463 653 facie
483 622 616 653 uoster
636 615 782 653 Saurea
801 616 889 653 est?
918 614 949 653 si
970 614 1001 653 is
1022 622 1091 662 est,
1114 614 1190 653 iam
1212 614 1310 653 scire
1330 622 1478 665 potero,

63 691 132 725 400
151 681 211 718 LI.
244 679 462 718 macilentis
484 679 607 727 malis,
631 680 779 718 rufulus
799 679 1056 730 aliquantum,
1080 680 1312 727 uentriosuS,
1504 692 1545 715 20

149 744 379 783 truculentis
400 744 534 792 oculis,
558 746 773 783 commoda
793 752 951 792 statura,
974 744 1072 783 tristi
1092 746 1229 784 fronte.

151 812 233 848 ME.
267 823 347 848 non
369 809 497 860 potuit
518 809 645 860 pictor
665 809 808 848 rectius
830 810 1053 849 describere
1073 810 1171 849 eiius
1191 812 1368 849 formam.

150 877 207 914 L1.
231 883 349 925 atque
363 876 494 914 hercle
512 874 640 925 ipsum
655 876 757 914 adeo
769 882 947 921 contuor,
963 875 1164 925 quassanti
1178 875 1305 926 capite
1319 875 1476 915 incedit.

147 940 315 990 quisque
335 940 496 979 obuiam
518 940 610 979 huic
631 940 841 979 occesserit
861 940 970 987 irato,
994 941 1206 991 uapulabit.

59 1016 126 1054 405
150 1008 232 1044 ME.
265 1005 461 1056 siquidem
491 1007 623 1044 hercle
647 1005 875 1044 Aeacidinis
905 1005 1021 1044 minis
1051 1006 1272 1057 animisque
1302 1009 1479 1057 expletus
1502 1020 1540 1052 ²5

1360 1072 1475 1112 cedit.

147 1137 177 1175 si
199 1139 291 1176 med
311 1137 429 1176 iratus
450 1136 630 1187 tetigerit,
653 1137 772 1175 iratus
793 1137 1007 1188 uapulabit.

284 1249 545 1286 LEoNrnA
658 1247 976 1285 MERCATOR
1088 1249 1338 1287 LIBANVS
1498 1248 1545 1286 iv

146 1331 216 1368 LE.
260 1329 369 1379 Quid
403 1330 480 1367 hoc
511 1330 560 1366 sit
592 1328 724 1378 negoti
763 1328 963 1366 neminem
998 1342 1131 1367 meum
1166 1329 1316 1369 dictum
1348 1329 1479 1380 magni

1311 1397 1468 1435 facere?

146 1460 343 1498 Libanum
364 1459 404 1497 in
426 1458 631 1497 tostrinam
652 1466 694 1497 ut
716 1458 903 1497 iusseram
925 1459 1070 1506 uenire,
1094 1460 1125 1498 is
1146 1462 1277 1499 nullus
1298 1461 1416 1500 uenit.

146 1538 195 1562 ne
216 1524 279 1562 ille
299 1525 442 1573 edepol
463 1532 571 1574 tergo
592 1531 630 1562 et
651 1523 828 1562 cruribus
850 1524 1047 1562 consuluit
1070 1523 1148 1562 hau
1169 1524 1322 1563 decore.

56 1604 126 1638 410
147 1591 229 1627 ΜΕ.
262 1589 379 1627 nimis
399 1588 659 1639 imperiosust.
721 1590 781 1627 L1.
814 1602 888 1627 uae
909 1589 1029 1628 mihi!
1088 1591 1157 1628 LE.
1191 1591 1310 1630 hodie
1327 1593 1477 1631 saluere

1383 1657 1475 1696 iussi

144 1720 341 1758 Libanum
362 1720 576 1759 libertum?
605 1719 683 1758 iam
705 1722 825 1759 manti
847 1720 1054 1760 emissu's?
1110 1723 1170 1760 L1.
1203 1735 1367 1772 opsecro
1387 1730 1435 1761 te.
1496 1734 1512 1765 5

143 1787 213 1824 LE.
246 1799 295 1824 ne
316 1788 357 1824 tu
379 1787 510 1824 hercle
530 1799 621 1824 cum
644 1799 787 1835 magno
809 1788 913 1824 malo
935 1786 1030 1824 mihi
1052 1786 1213 1825 obuiam
1234 1788 1444 1826 occessisti.

141 1864 215 1900 qur
245 1864 326 1889 non
356 1851 509 1898 uenisti,
545 1859 587 1890 ut
617 1851 816 1899 iusseram,
840 1852 880 1891 in
911 1853 1146 1891 tostrinam?
1225 1855 1284 1892 L1.
1318 1854 1380 1892 hic
1411 1868 1474 1893 me

1271 1927 1470 1958 moratust.

142 1981 213 2018 LE.
249 1980 445 2031 siquidem
478 1982 608 2020 hercle
642 1995 749 2021 nunc
783 1996 983 2022 summum
1021 1985 1160 2023 Iouem
1195 1991 1234 2022 te
1267 1984 1375 2023 dicas
1409 1986 1473 2023 de-

1311 2050 1473 2089 tinuisse

53 2118 120 2155 415
140 2118 260 2161 atque
279 2111 310 2149 is
331 2120 510 2162 precator
529 2113 665 2160 adsiet,
690 2115 834 2152 malam
855 2128 936 2153 rem
958 2115 1128 2165 ecfugies
1150 2128 1379 2165 numquam.

141 2183 194 2222 tu,
235 2176 410 2224 uerbero,
451 2177 659 2228 imperium
699 2192 832 2218 meum
870 2180 1173 2231 contempsisti?
1267 2182 1326 2218 L1.
1363 2180 1469 2230 perii,
1495 2197 1532 2219 10

1314 2247 1468 2295 hospes.

185 2353 248 2384 395
273 2345 441 2377 Conueni.
456 2347 517 2377 sed
533 2346 655 2388 Ussing
740 2359 806 2386 400
829 2349 866 2388 cf
884 2347 950 2380 Leo
964 2349 1012 2380 ad
1025 2349 1078 2380 loc.
1171 2358 1235 2388 405
1261 2350 1351 2379 cedit
1368 2349 1470 2380 Scali-

137 2399 217 2428 ger:
242 2389 370 2420 incedit
387 2389 451 2420 cod.
468 2391 520 2429 (ajf.
532 2393 621 2430 4033,
641 2390 732 2429 quod
745 2395 854 2422 tuetur
867 2391 933 2422 Leo
1021 2394 1085 2432 416
1110 2392 1235 2432 hospes
1253 2394 1338 2432 perii
1355 2392 1469 2434 Bothe,

143 2433 195 2462 cui
208 2434 443 2471 contempsisti
460 2433 601 2473 displicet
