1727 2702
192 96 220 133 1.
244 94 287 132 iii
657 96 703 133 T.
738 95 918 135 MACCI
952 96 1154 134 PLAVTI

243 208 484 248 meretricem
506 208 611 247 illam
633 208 809 249 inuenire
829 222 948 259 quam
969 209 1063 248 olim
1085 210 1231 256 tollere,

242 287 362 324 quom
385 273 467 326 ipse
487 274 721 324 exponebat,
743 287 790 313 ex
810 273 962 313 insidiis
981 273 1146 313 uiderat.

180 357 222 388 40
242 353 347 377 nunc
368 340 477 390 quod
498 339 685 378 relicuom
707 347 824 378 restat
845 340 938 378 uolo
957 340 1180 390 persoluere

242 412 283 442 ut
303 412 546 455 expungatur
567 418 725 453 nomen,
748 419 798 444 ne
818 404 915 455 quid
935 405 1115 444 debeam.

239 470 472 509 adulescens
492 469 556 509 hic
576 477 635 509 est
655 469 813 521 Sicyoni
831 486 837 509 :
868 469 903 509 ei
924 469 1022 509 uiuit
1042 477 1162 521 pater.

240 533 271 573 is
291 548 424 574 amore
445 534 710 585 proiecticiam
733 535 838 574 illam
859 534 1011 586 deperit

240 613 341 650 quae
361 601 514 639 dudum
536 599 633 639 flens
654 600 746 639 hine
765 599 862 639 abiit
881 601 932 639 ad
954 607 1116 639 matrem
1138 613 1262 648 suam,

177 673 220 706 45
240 671 277 703 et
299 663 363 702 illa
383 666 489 703 hunc
510 672 657 712 contra,
680 664 747 716 qui
769 672 827 704 est
847 678 957 703 amor
977 664 1257 704 suauissumus.

239 736 281 767 ut
301 736 391 767 sunt
412 730 595 776 humana,
619 729 715 768 nihil
737 737 795 769 est
815 737 1047 780 perpetuom
1068 730 1218 768 datum.

238 801 347 843 pater
366 794 609 834 adulescenti
629 796 723 834 dare
743 796 826 834 uolt
847 808 1007 833 uxorem
1025 809 1034 842 ;
1062 795 1139 833 hoc
1159 793 1228 833 ubi
1592 803 1670 842 195'

239 866 362 898 mater
381 859 548 907 reseiuit,
571 859 681 899 iussit
701 859 846 900 accersi
867 873 954 898 earn
975 860 1150 899 domum.

238 925 337 963 haec
357 924 412 963 sic
433 938 492 964 res
511 932 620 975 gesta
640 932 709 964 est.
769 925 871 964 bene
893 926 1021 963 ualete
1041 931 1079 963 et
1099 923 1247 964 uincite

177 1002 218 1033 50
238 988 382 1028 uirtute
403 1003 504 1037 uera,
528 991 636 1040 quod
658 989 803 1029 fecistis
823 989 1010 1029 antidhac
1027 1003 1035 1036 3

237 1062 390 1093 seruate
411 1062 563 1093 uostros
584 1054 723 1102 socios,
748 1062 899 1094 ueteres
920 1061 959 1093 et
978 1067 1117 1102 nouos,

236 1127 376 1169 augete
395 1119 538 1158 auxilia
558 1119 700 1159 uostris
720 1119 831 1159 iustis
851 1119 1013 1170 legibus,
1589 1129 1658 1156 200

238 1184 388 1235 perdite
408 1185 631 1235 perduellis,
654 1185 776 1236 parite
797 1186 954 1224 laudem
976 1192 1014 1223 et
1035 1186 1219 1233 lauream,

238 1257 279 1288 ut
300 1249 414 1289 uobis
436 1249 529 1289 uicti
552 1249 675 1290 Poeni
697 1263 845 1301 poenas
867 1251 1120 1290 sufferant.—

1663 332 1671 343 ‚
1655 252 1678 302 >3-
1654 218 1675 245 χ

1658 364 1681 421 ,ἒν

1592 482 1606 509 0-

1664 670 1681 710 ,5-
1660 595 1681 656 ⁶55.
1611 483 1681 569 ’,Άὲ
1664 455 1669 473 ⁷*

724 1404 984 1452 ACTVS
1037 1405 1090 1452 ΙΙ

127 1497 218 1536 II.i
659 1495 1145 1532 ALCESIMARCHVS

238 1571 310 1608 AL.
333 1570 465 1609 Credo
486 1582 558 1619 ego
577 1571 763 1608 Amorem
783 1569 950 1620 primum
967 1571 1074 1620 apud
1091 1569 1272 1609 homines
1288 1570 1567 1610 carnuficinam

1284 1643 1565 1674 commentum.

238 1701 340 1738 hanc
361 1713 434 1750 ego
455 1701 504 1738 de
526 1713 588 1738 me
609 1699 875 1739 coniecturam
898 1699 1007 1739 domi
1030 1699 1140 1746 facio,
1165 1699 1203 1738 ni
1225 1700 1316 1739 foris
1337 1715 1533 1751 quaeram,

239 1764 305 1815 qui
327 1764 455 1803 omnis
477 1764 658 1804 homines
679 1779 836 1815 supero,
856 1765 1018 1805 antideo
1038 1765 1387 1805 cruciabilitatibus
1406 1765 1538 1805 animi.
1587 1775 1653 1813 205

453 1829 585 1877 iactor,
608 1829 770 1878 crucior,
792 1830 927 1880 agitor,

199 1911 217 1942 5
506 1895 695 1942 stimulor,
718 1909 854 1935 uorsor

346 1959 383 1998 in
404 1960 538 1998 amori'
559 1968 654 2007 rota,
678 1961 794 1999 miser
814 1959 1025 2007 exanimor,

346 2026 456 2072 seror,
479 2025 645 2071 differor,
670 2025 876 2069 distrahor,
897 2025 1070 2076 diripior‚

401 2089 452 2128 ita
472 2090 647 2129 nubilam
671 2098 843 2130 mentem
863 2090 984 2128 animi
1006 2091 1145 2129 liabeo.
1586 2101 1657 2127 210

288 2208 346 2237 192
372 2198 449 2228 dum
467 2197 531 2229 cod.
551 2198 690 2234 <dudum
704 2198 750 2236 s)
890 2208 947 2238 ¹97
975 2198 1057 2229 haec
1075 2207 1129 2228 res
1146 2201 1241 2236 gesta
1257 2197 1305 2228 sic
1317 2202 1368 2228 cst
1378 2195 1464 2228 cod:
1490 2207 1566 2227 corr.

243 2241 343 2272 Bothe
501 2251 566 2272 200
591 2242 690 2272 uictis
706 2241 726 2271 l.
743 2241 794 2271 PF-
955 2251 1012 2272 201
1042 2241 1194 2272 laudeam
1213 2241 1317 2279 (-dem
1334 2240 1379 2279 J)
1406 2245 1440 2271 et
1458 2240 1476 2271 l.
1498 2240 1558 2270 cod

240 2296 302 2315 202
327 2292 361 2315 ut
379 2285 451 2316 Ital.
469 2297 474 2315 ε
495 2290 528 2316 et
545 2284 609 2315 cod.
793 2296 854 2322 204
881 2296 922 2315 nc
948 2284 1019 2315 Ital.
1157 2285 1244 2315 foras
1260 2284 1325 2315 cod.
1503 2294 1567 2322 205

239 2334 306 2359 ant.
327 2329 525 2359 llmuann:
554 2329 689 2371 [atquc]
707 2334 776 2359 ant.
796 2328 860 2360 cod.
883 2330 934 2367 uf
953 2328 1001 2359 ad
1014 2328 1095 2358 Aul.
1117 2329 1192 2367 78⁴>
1408 2337 1472 2359 210
1495 2326 1566 2358 nul-

240 2372 302 2402 lam
320 2371 373 2402 PE
