1727 2702
171 105 201 144 1.
224 106 253 143 ii
641 106 686 142 T.
721 105 901 144 MACCI
933 106 1135 144 PLAVTI

276 227 367 252 narn
390 213 459 252 tibi
480 214 658 252 amantes
679 212 937 264 propitiantes
958 214 1095 252 uinum
1117 216 1213 254 dant
1234 221 1416 265 potantes

276 293 425 326 omnes,
449 278 543 317 mihi
566 279 643 317 hau
665 291 781 329 saepe
803 275 1029 332 [e]ueniunt
1050 280 1146 317 tales
1167 279 1413 319 hereditates.
1573 295 1635 334 ης

161 357 201 392 35
224 345 291 382 ΡΑ.
324 346 400 384 hoc
433 344 526 383 uide
560 352 602 383 ut
634 343 841 394 ingurgitat
873 343 1012 395 inpura
1040 343 1080 383 in
1112 358 1153 383 se
1189 358 1338 384 merum
1372 344 1552 393 auariter‚
1574 351 1660 387 126-

1223 409 1392 448 faucibu'
1413 409 1548 461 plenis.

223 476 295 512 Pu.
329 473 423 525 perii
443 475 597 513 hercle!
629 473 720 512 huic
742 473 838 524 quid
861 473 1029 524 primum
1047 474 1178 513 dicam
1199 474 1344 513 nescio.
1387 476 1455 512 ΡΑ.
1488 488 1550 513 em
1575 482 1659 516 128-

1061 539 1172 586 istuc‚
1194 541 1303 590 quod
1325 539 1420 577 mihi
1441 539 1548 578 dixti.

223 606 296 643 ΡΗ.
328 604 423 655 quid
445 604 486 644 id
506 606 593 644 est?
651 606 719 642 ΡΑ.
751 604 912 655 periisse
933 612 977 644 ut
1005 612 1043 644 te
1070 605 1189 644 dicas.
1251 607 1325 644 ΡΗ.
1359 607 1460 644 male
1480 605 1550 644 tibi
1575 621 1638 655 130
1669 594 1677 647 i

1004 669 1044 708 di
1066 669 1232 708 saciant!
1291 671 1359 708 ΡΑ.
1391 669 1456 709 dic
1476 669 1550 708 isti.
1671 661 1693 723 '‚

222 736 292 773 LE.
322 735 373 773 ah
391 737 397 773 !
453 736 521 772 ΡΑ.
554 734 650 785 quid
684 736 772 773 est?
810 734 954 785 ecquid
989 735 1128 773 lubet?
1190 736 1260 773 LE.
1292 734 1411 773 lubet.
1481 737 1549 773 ΡΑ.
1679 727 1693 777 ,ῐῘ

595 799 712 837 etiam
735 798 830 837 mihi
851 813 1012 849 quoque
1033 798 1193 838 stimulo
1215 800 1351 838 fodere
1371 800 1480 838 lubet
1500 807 1549 838 te.
1679 795 1689 808 '¹

222 866 297 903 PH.
329 872 424 904 tace.
485 866 553 902 ΡΑ.
587 863 678 910 noli,
702 871 824 903 taceo.
885 863 978 902 ecce
1006 871 1139 902 autem
1170 863 1269 902 bibit
1297 877 1420 911 arcus,
1444 865 1550 914 pluet
1575 840 1690 914 131⁵i¹

1126 929 1246 967 credo
1267 929 1397 967 hercle
1418 928 1548 967 hodie.
1668 929 1676 974 ζ

157 1009 200 1041 40
223 995 296 1032 ΡΗ.
339 993 470 1033 iamne
503 1007 576 1044 ego
607 993 699 1032 huic
732 994 853 1032 dico?
923 995 992 1032 ΡΑ.
1037 993 1133 1044 quid
1167 992 1311 1032 dices?
1382 994 1456 1030 ΡΗ.
1488 1006 1551 1032 me
1668 981 1678 1034 i

622 1058 792 1110 periisse.
854 1060 922 1096 ΡΑ.
955 1072 1026 1109 age
1046 1057 1144 1097 dice.
1206 1059 1280 1096 PH.
1312 1071 1424 1105 anuS‚
1443 1057 1547 1096 audi.
1668 1046 1676 1105 ¹,

383 1125 461 1164 hoc
481 1125 574 1163 uolo
594 1123 691 1162 scire
712 1131 772 1162 te:
803 1122 979 1174 perditus
1000 1136 1086 1161 surn
1109 1122 1234 1162 miser.
1671 1133 1673 1138 ’

437 1191 508 1227 LE.
540 1196 579 1227 at
599 1190 664 1239 pol
685 1201 759 1238 ego
779 1188 930 1239 oppido
954 1196 1117 1227 seruata.

383 1255 455 1294 sed
475 1254 571 1305 quid
592 1255 682 1292 est?
711 1253 808 1304 quid
829 1254 939 1292 lubet
958 1253 1156 1303 perditum
1177 1252 1309 1292 dicere
1574 1262 1635 1299 135

492 1327 530 1358 te
549 1319 667 1357 esse?
724 1319 797 1356 PH.
830 1317 922 1368 quia
943 1317 983 1356 id
1003 1319 1112 1368 quod
1132 1331 1224 1356 amo
1244 1331 1369 1357 careo.

160 1402 201 1434 45
440 1386 510 1422 LE.
543 1384 790 1422 Phaedrome
811 1382 874 1428 mi,
898 1396 948 1421 ne
969 1384 1087 1432 plora,
1109 1382 1260 1421 amabo⁴

223 1457 265 1489 tu
292 1463 356 1489 me
385 1457 522 1488 curato
552 1461 602 1487 ne
634 1447 772 1493 sitiam,
802 1460 875 1498 ego
907 1446 978 1486 tibi
1007 1448 1115 1498 quod
1144 1460 1253 1486 amas
1280 1446 1356 1486 iam
1384 1448 1462 1486 huc
1486 1448 1552 1486 ad-

1339 1513 1548 1551 ducam.-

225 1583 297 1619 Pu.
331 1581 454 1619 tibine
482 1592 569 1630 ego,
589 1577 621 1617 si
646 1579 764 1617 fidem
795 1591 927 1617 seruas
957 1591 1124 1624 mecum,
1148 1577 1304 1616 uincam
1335 1591 1405 1627 pro
1433 1590 1550 1615 aurea

1221 1650 1347 1680 statua
1367 1649 1547 1689 statuam,

438 1723 539 1760 quae
560 1718 629 1748 tuo
648 1708 793 1759 gutturi
814 1708 862 1746 sit
884 1697 1198 1747 monumentum.
1573 1719 1638 1755 140

224 1775 290 1826 qui
313 1789 375 1814 me
396 1774 434 1813 in
456 1783 556 1813 terra
574 1788 700 1824 aeque
716 1774 935 1811 fortunatus
955 1772 1036 1819 erit,
1060 1772 1091 1810 si
1113 1773 1177 1811 illa
1196 1773 1246 1811 ad
1268 1786 1330 1811 me
1351 1771 1458 1819 bitet,

163 1851 204 1882 50
226 1841 438 1879 Palinure?
496 1841 563 1877 ΡΑ.
595 1839 737 1889 edepol
768 1837 835 1888 qui
865 1838 980 1884 amat,
1013 1837 1045 1876 si
1074 1837 1171 1888 eget,
1202 1837 1382 1876 adficitur
1411 1836 1550 1875 misera

1349 1915 1547 1940 aerumna.

225 1974 298 2009 Pu.
322 1984 400 2009 non
419 1970 471 2008 ita
487 1983 545 2008 res
561 1977 630 2015 est,
647 1982 736 2007 nam
755 1969 915 2007 confido
929 1967 1137 2019 parasitum
1153 1968 1273 2008 hodie
1287 1968 1547 2007 aduc-uturum

222 2050 314 2075 cum
333 2043 496 2086 argento
514 2036 564 2074 ad
587 2048 659 2073 me.
721 2035 788 2072 ΡΛ.
823 2047 1008 2083 magnum
1031 2033 1216 2083 inceptas,
1235 2034 1265 2071 si
1288 2032 1328 2070 id
1348 2031 1548 2082 exspectas

1176 2098 1284 2147 quod
1305 2103 1546 2146 nusquamst.

271 2215 329 2244 124
348 2205 573 2244 propitiantes
585 2203 699 2234 Borlw:
721 2203 943 2243 propinantes
954 2202 1017 2234 cod.
1082 2202 1201 2242 propit.
1215 2206 1367 2232 amantes
1378 2201 1549 2232 Fleckeisen

225 2254 293 2288 pot.
312 2249 393 2279 dant
409 2247 474 2277 cod.
490 2259 497 2278 z
521 2248 593 2278 irai.
614 2246 783 2277 Fleckeisen
801 2257 806 2275 :
832 2256 862 2285 p.
882 2247 1010 2276 danunt
1025 2246 1095 2277 cdd.
1222 2255 1281 2284 125
1306 2245 1458 2275 homines
1473 2248 1503 2274 e!
1517 2244 1549 2274 in

225 2303 291 2332 mg.
314 2294 322 2310 ‘
333 2291 383 2322 vc!
395 2301 514 2322 omnes
526 2290 532 2300 ¹
550 2290 616 2321 cod.
726 2289 868 2319 ueniunt
888 2291 1005 2329 scripsi.
1028 2300 1065 2320 ne
1085 2293 1284 2330 anapaestus
1300 2287 1431 2318 clauda!
1448 2288 1547 2318 hemi—

224 2335 373 2365 sticln'um
389 2346 396 2365 :
416 2340 567 2365 cucnunt
585 2333 766 2367 Fleckeisen,
786 2332 1011 2372 duln'asorma
1106 2342 1162 2371 ¹32
1186 2332 1236 2362 vr!
1251 2332 1326 2362 hn'i‘c
1420 2341 1478 2370 135
1502 2330 1552 2361 vel

223 2380 313 2418 quod
331 2379 349 2409 Ι.
366 2378 449 2411 (PE)
555 2387 613 2415 142
637 2381 726 2406 emat
743 2375 808 2406 rod.
844 2380 932 2406 amat
945 2376 993 2414 J)
1065 2376 1136 2407 mis.
1156 2375 1222 2406 ads.
1237 2375 1302 2405 cod.
1321 2387 1327 2405 ι
1346 2375 1417 2406 lrat'.
1435 2374 1546 2405 Goets:

227 2423 297 2455 mis.
314 2422 483 2460 adfligitur·
499 2420 637 2452 Skutsch
657 2419 786 2460 [lehem.
806 2417 893 2450 Mus,
914 2430 966 2458 51,
983 2421 1060 2458 4835
1151 2418 1252 2461 (cre)
1269 2429 1338 2449 aer.
1354 2418 1526 2449 Buecheler
