<?xml version="1.0" encoding="UTF-8"?>
<!DOCTYPE html PUBLIC "-//W3C//DTD XHTML 1.0 Transitional//EN"
    "http://www.w3.org/TR/xhtml1/DTD/xhtml1-transitional.dtd">
<html xmlns="http://www.w3.org/1999/xhtml" xml:lang="en" lang="en">
 <head>
  <title>
</title>
<meta http-equiv="Content-Type" content="text/html;charset=utf-8" />
  <meta name='ocr-system' content='tesseract 3.04.00' />
  <meta name='ocr-capabilities' content='ocr_page ocr_carea ocr_par ocr_line ocrx_word'/>
</head>
<body>
  <div class='ocr_page' id='page_1' title='image "./comoediaerecogno01plauuoft_0214.png"; bbox 0 0 1727 2702; ppageno 0'>
   <div class='ocr_carea' id='block_1_1' title="bbox 112 105 1114 147">
    <p class='ocr_par' dir='ltr' id='par_1_1' title="bbox 112 105 1114 147">
     <span class='ocr_line' id='line_1_1' title="bbox 112 105 1114 147; baseline -0.001 -1"><span class='ocrx_word' id='word_1_1' title='bbox 112 109 182 147; x_wconf 90' lang='lat' dir='ltr'>IV.</span> <span class='ocrx_word' id='word_1_2' title='bbox 205 108 282 146; x_wconf 81' lang='lat' dir='ltr'>viii</span> <span class='ocrx_word' id='word_1_3' title='bbox 617 108 665 146; x_wconf 88' lang='lat' dir='ltr'>T.</span> <span class='ocrx_word' id='word_1_4' title='bbox 698 107 878 147; x_wconf 91' lang='lat' dir='ltr'>MACCI</span> <span class='ocrx_word' id='word_1_5' title='bbox 912 105 1114 145; x_wconf 92' lang='lat' dir='ltr'>PLAVTI</span> 
     </span>
    </p>
   </div>
   <div class='ocr_carea' id='block_1_2' title="bbox 109 261 1453 301">
    <p class='ocr_par' dir='ltr' id='par_1_2' title="bbox 109 261 1453 301">
     <span class='ocr_line' id='line_1_2' title="bbox 109 261 1453 301; baseline -0.001 0"><span class='ocrx_word' id='word_1_6' title='bbox 109 263 186 301; x_wconf 84' lang='lat' dir='ltr'>viii</span> <span class='ocrx_word' id='word_1_7' title='bbox 292 263 678 301; x_wconf 66' lang='lat' dir='ltr'>CLEOMACHVS</span> <span class='ocrx_word' id='word_1_8' title='bbox 735 262 1061 300; x_wconf 65' lang='lat' dir='ltr'>Nicossvtvs</span> <span class='ocrx_word' id='word_1_9' title='bbox 1118 261 1453 301; x_wconf 70' lang='lat' dir='ltr'>CHRYSALvs</span> 
     </span>
    </p>
   </div>
   <div class='ocr_carea' id='block_1_3' title="bbox 142 347 1624 2381">
    <p class='ocr_par' dir='ltr' id='par_1_3' title="bbox 142 347 1624 2381">
     <span class='ocr_line' id='line_1_3' title="bbox 207 347 1237 396; baseline -0.001 -9"><span class='ocrx_word' id='word_1_10' title='bbox 207 350 277 388; x_wconf 78' lang='lat' dir='ltr'>CL.</span> <span class='ocrx_word' id='word_1_11' title='bbox 313 351 499 387; x_wconf 80' lang='lat' dir='ltr'>Meamne</span> <span class='ocrx_word' id='word_1_12' title='bbox 522 349 585 388; x_wconf 89' lang='lat' dir='ltr'>hic</span> <span class='ocrx_word' id='word_1_13' title='bbox 608 348 893 396; x_wconf 86' lang='lat' dir='ltr'>Mnesilochus,</span> <span class='ocrx_word' id='word_1_14' title='bbox 917 347 1104 387; x_wconf 90' lang='lat' dir='ltr'>Nicobuli</span> <span class='ocrx_word' id='word_1_15' title='bbox 1125 347 1237 394; x_wconf 87' lang='lat' dir='ltr'>filius,</span> 
     </span>
     <span class='ocr_line' id='line_1_4' title="bbox 206 412 1330 463; baseline 0 -12"><span class='ocrx_word' id='word_1_16' title='bbox 206 427 274 463; x_wconf 84' lang='lat' dir='ltr'>per</span> <span class='ocrx_word' id='word_1_17' title='bbox 294 415 374 452; x_wconf 82' lang='lat' dir='ltr'>uim</span> <span class='ocrx_word' id='word_1_18' title='bbox 396 422 438 452; x_wconf 87' lang='lat' dir='ltr'>ut</span> <span class='ocrx_word' id='word_1_19' title='bbox 458 413 623 453; x_wconf 91' lang='lat' dir='ltr'>retineat</span> <span class='ocrx_word' id='word_1_20' title='bbox 643 413 876 452; x_wconf 86' lang='lat' dir='ltr'>mulierem?</span> <span class='ocrx_word' id='word_1_21' title='bbox 906 426 1007 463; x_wconf 88' lang='lat' dir='ltr'>quae</span> <span class='ocrx_word' id='word_1_22' title='bbox 1027 414 1125 452; x_wconf 89' lang='lat' dir='ltr'>haec</span> <span class='ocrx_word' id='word_1_23' title='bbox 1145 412 1330 451; x_wconf 84' lang='lat' dir='ltr'>sactiost?</span> 
     </span>
     <span class='ocr_line' id='line_1_5' title="bbox 207 477 1429 530; baseline -0.001 -12"><span class='ocrx_word' id='word_1_24' title='bbox 207 481 272 518; x_wconf 99' lang='grc' dir='ltr'>Νι.</span> <span class='ocrx_word' id='word_1_25' title='bbox 305 479 392 530; x_wconf 89' lang='lat' dir='ltr'>quis</span> <span class='ocrx_word' id='word_1_26' title='bbox 413 479 543 518; x_wconf 74' lang='lat' dir='ltr'>illest?</span> <span class='ocrx_word' id='word_1_27' title='bbox 600 480 677 519; x_wconf 82' lang='lat' dir='ltr'>CH.</span> <span class='ocrx_word' id='word_1_28' title='bbox 710 492 778 530; x_wconf 88' lang='lat' dir='ltr'>per</span> <span class='ocrx_word' id='word_1_29' title='bbox 799 487 956 530; x_wconf 90' lang='lat' dir='ltr'>tempus</span> <span class='ocrx_word' id='word_1_30' title='bbox 977 478 1041 517; x_wconf 86' lang='lat' dir='ltr'>hic</span> <span class='ocrx_word' id='word_1_31' title='bbox 1062 477 1170 517; x_wconf 87' lang='lat' dir='ltr'>uenit</span> <span class='ocrx_word' id='word_1_32' title='bbox 1190 477 1302 517; x_wconf 90' lang='lat' dir='ltr'>miles</span> <span class='ocrx_word' id='word_1_33' title='bbox 1322 477 1429 517; x_wconf 87' lang='lat' dir='ltr'>mihi.</span> 
     </span>
     <span class='ocr_line' id='line_1_6' title="bbox 206 543 1620 600; baseline -0.001 -17"><span class='ocrx_word' id='word_1_34' title='bbox 206 545 277 583; x_wconf 81' lang='lat' dir='ltr'>CL.</span> <span class='ocrx_word' id='word_1_35' title='bbox 310 557 391 583; x_wconf 92' lang='lat' dir='ltr'>non</span> <span class='ocrx_word' id='word_1_36' title='bbox 413 557 476 583; x_wconf 92' lang='lat' dir='ltr'>me</span> <span class='ocrx_word' id='word_1_37' title='bbox 495 543 702 583; x_wconf 87' lang='lat' dir='ltr'>arbitratur</span> <span class='ocrx_word' id='word_1_38' title='bbox 722 544 887 583; x_wconf 90' lang='lat' dir='ltr'>militem</span> <span class='ocrx_word' id='word_1_39' title='bbox 909 545 979 583; x_wconf 92' lang='lat' dir='ltr'>sed</span> <span class='ocrx_word' id='word_1_40' title='bbox 1001 543 1216 590; x_wconf 90' lang='lat' dir='ltr'>mulierem,</span> <span class='ocrx_word' id='word_1_41' title='bbox 1555 555 1620 600; x_wconf 78' lang='lat'>345</span> 
     </span>
     <span class='ocr_line' id='line_1_7' title="bbox 167 609 1077 660; baseline 0.001 -15"><span class='ocrx_word' id='word_1_42' title='bbox 167 623 185 655; x_wconf 87' lang='lat'>5</span> <span class='ocrx_word' id='word_1_43' title='bbox 205 611 271 658; x_wconf 84' lang='lat' dir='ltr'>qui</span> <span class='ocrx_word' id='word_1_44' title='bbox 295 623 357 648; x_wconf 90' lang='lat' dir='ltr'>me</span> <span class='ocrx_word' id='word_1_45' title='bbox 378 622 568 660; x_wconf 87' lang='lat' dir='ltr'>meosque</span> <span class='ocrx_word' id='word_1_46' title='bbox 588 623 668 648; x_wconf 91' lang='lat' dir='ltr'>non</span> <span class='ocrx_word' id='word_1_47' title='bbox 689 623 831 660; x_wconf 87' lang='lat' dir='ltr'>queam</span> <span class='ocrx_word' id='word_1_48' title='bbox 853 609 1077 648; x_wconf 84' lang='lat' dir='ltr'><strong>defendere.</strong></span> 
     </span>
     <span class='ocr_line' id='line_1_8' title="bbox 206 673 1396 724; baseline 0.001 -13"><span class='ocrx_word' id='word_1_49' title='bbox 206 687 297 711; x_wconf 80' lang='lat' dir='ltr'>nam</span> <span class='ocrx_word' id='word_1_50' title='bbox 318 687 448 724; x_wconf 86' lang='lat' dir='ltr'>neque</span> <span class='ocrx_word' id='word_1_51' title='bbox 470 675 635 713; x_wconf 85' lang='lat' dir='ltr'>Bellona</span> <span class='ocrx_word' id='word_1_52' title='bbox 655 673 709 712; x_wconf 91' lang='lat' dir='ltr'>mi</span> <span class='ocrx_word' id='word_1_53' title='bbox 730 687 919 724; x_wconf 89' lang='lat' dir='ltr'>umquam</span> <span class='ocrx_word' id='word_1_54' title='bbox 942 686 1072 723; x_wconf 85' lang='lat' dir='ltr'>neque</span> <span class='ocrx_word' id='word_1_55' title='bbox 1095 673 1202 711; x_wconf 86' lang='lat' dir='ltr'>Mars</span> <span class='ocrx_word' id='word_1_56' title='bbox 1221 673 1396 721; x_wconf 86' lang='lat' dir='ltr'>creduat‚</span> 
     </span>
     <span class='ocr_line' id='line_1_9' title="bbox 206 738 1090 787; baseline 0.001 -11"><span class='ocrx_word' id='word_1_57' title='bbox 206 738 244 776; x_wconf 90' lang='lat' dir='ltr'>ni</span> <span class='ocrx_word' id='word_1_58' title='bbox 267 738 375 777; x_wconf 86' lang='lat' dir='ltr'>illum</span> <span class='ocrx_word' id='word_1_59' title='bbox 396 739 656 778; x_wconf 80' lang='lat' dir='ltr'>exanimalem</span> <span class='ocrx_word' id='word_1_60' title='bbox 678 740 780 787; x_wconf 89' lang='lat' dir='ltr'>faxo,</span> <span class='ocrx_word' id='word_1_61' title='bbox 800 739 831 777; x_wconf 92' lang='lat' dir='ltr'>si</span> <span class='ocrx_word' id='word_1_62' title='bbox 853 751 1090 785; x_wconf 88' lang='lat' dir='ltr'>conuenero,</span> 
     </span>
     <span class='ocr_line' id='line_1_10' title="bbox 205 803 953 843; baseline 0.001 -2"><span class='ocrx_word' id='word_1_63' title='bbox 205 803 297 842; x_wconf 92' lang='lat' dir='ltr'>niue</span> <span class='ocrx_word' id='word_1_64' title='bbox 317 804 554 843; x_wconf 82' lang='lat' dir='ltr'>exheredem</span> <span class='ocrx_word' id='word_1_65' title='bbox 574 805 704 843; x_wconf 89' lang='lat' dir='ltr'>fecero</span> <span class='ocrx_word' id='word_1_66' title='bbox 724 804 829 842; x_wconf 87' lang='lat' dir='ltr'>uitae</span> <span class='ocrx_word' id='word_1_67' title='bbox 849 817 953 842; x_wconf 89' lang='lat' dir='ltr'>suae.</span> 
     </span>
     <span class='ocr_line' id='line_1_11' title="bbox 207 868 1624 920; baseline -0.001 -13"><span class='ocrx_word' id='word_1_68' title='bbox 207 869 273 907; x_wconf 93' lang='lat' dir='ltr'>N1.</span> <span class='ocrx_word' id='word_1_69' title='bbox 306 869 504 919; x_wconf 85' lang='lat' dir='ltr'>Chrysale,</span> <span class='ocrx_word' id='word_1_70' title='bbox 527 869 615 920; x_wconf 87' lang='lat' dir='ltr'>quis</span> <span class='ocrx_word' id='word_1_71' title='bbox 635 869 699 908; x_wconf 92' lang='lat' dir='ltr'>ille</span> <span class='ocrx_word' id='word_1_72' title='bbox 719 878 777 908; x_wconf 87' lang='lat' dir='ltr'>est</span> <span class='ocrx_word' id='word_1_73' title='bbox 798 869 865 920; x_wconf 88' lang='lat' dir='ltr'>qui</span> <span class='ocrx_word' id='word_1_74' title='bbox 887 868 1087 907; x_wconf 85' lang='lat' dir='ltr'>minitatur</span> <span class='ocrx_word' id='word_1_75' title='bbox 1107 868 1217 907; x_wconf 86' lang='lat' dir='ltr'>filio?</span> <span class='ocrx_word' id='word_1_76' title='bbox 1554 871 1624 917; x_wconf 83' lang='lat'>850</span> 
     </span>
     <span class='ocr_line' id='line_1_12' title="bbox 148 933 1241 984; baseline -0.001 -11"><span class='ocrx_word' id='word_1_77' title='bbox 148 943 188 967; x_wconf 84' lang='lat'>¹0</span> <span class='ocrx_word' id='word_1_78' title='bbox 208 934 285 973; x_wconf 79' lang='lat' dir='ltr'>CH.</span> <span class='ocrx_word' id='word_1_79' title='bbox 317 933 376 972; x_wconf 90' lang='lat' dir='ltr'>uir</span> <span class='ocrx_word' id='word_1_80' title='bbox 395 934 459 972; x_wconf 88' lang='lat' dir='ltr'>hic</span> <span class='ocrx_word' id='word_1_81' title='bbox 479 942 537 973; x_wconf 87' lang='lat' dir='ltr'>est</span> <span class='ocrx_word' id='word_1_82' title='bbox 557 934 659 973; x_wconf 88' lang='lat' dir='ltr'>illius</span> <span class='ocrx_word' id='word_1_83' title='bbox 680 934 852 973; x_wconf 88' lang='lat' dir='ltr'>mulieris</span> <span class='ocrx_word' id='word_1_84' title='bbox 873 947 1044 984; x_wconf 90' lang='lat' dir='ltr'>quacum</span> <span class='ocrx_word' id='word_1_85' title='bbox 1064 934 1241 972; x_wconf 88' lang='lat' dir='ltr'>accubat.</span> 
     </span>
     <span class='ocr_line' id='line_1_13' title="bbox 208 997 1532 1049; baseline 0 -13"><span class='ocrx_word' id='word_1_86' title='bbox 208 999 273 1036; x_wconf 95' lang='grc' dir='ltr'>Νι.</span> <span class='ocrx_word' id='word_1_87' title='bbox 306 998 415 1048; x_wconf 87' lang='lat' dir='ltr'>quid,</span> <span class='ocrx_word' id='word_1_88' title='bbox 455 999 542 1037; x_wconf 89' lang='lat' dir='ltr'>uir?</span> <span class='ocrx_word' id='word_1_89' title='bbox 617 1000 695 1039; x_wconf 80' lang='lat' dir='ltr'>CH.</span> <span class='ocrx_word' id='word_1_90' title='bbox 728 999 796 1046; x_wconf 91' lang='lat' dir='ltr'>uir,</span> <span class='ocrx_word' id='word_1_91' title='bbox 839 999 1012 1049; x_wconf 90' lang='lat' dir='ltr'>inquam.</span> <span class='ocrx_word' id='word_1_92' title='bbox 1073 999 1139 1037; x_wconf 92' lang='grc' dir='ltr'>Νι.</span> <span class='ocrx_word' id='word_1_93' title='bbox 1171 1004 1322 1048; x_wconf 87' lang='lat' dir='ltr'>nuptan</span> <span class='ocrx_word' id='word_1_94' title='bbox 1360 1005 1420 1037; x_wconf 90' lang='lat' dir='ltr'>est</span> <span class='ocrx_word' id='word_1_95' title='bbox 1457 997 1532 1045; x_wconf 73' lang='lat' dir='ltr'>illa,</span> 
     </span>
     <span class='ocr_line' id='line_1_14' title="bbox 1342 1064 1537 1113; baseline 0.005 -12"><span class='ocrx_word' id='word_1_96' title='bbox 1342 1076 1507 1113; x_wconf 89' lang='lat' dir='ltr'>opsecro</span> <span class='ocrx_word' id='word_1_97' title='bbox 1520 1064 1537 1101; x_wconf 91' lang='lat'>?</span> 
     </span>
     <span class='ocr_line' id='line_1_15' title="bbox 206 1127 1387 1180; baseline -0.001 -12"><span class='ocrx_word' id='word_1_98' title='bbox 206 1129 282 1168; x_wconf 82' lang='lat' dir='ltr'>CH.</span> <span class='ocrx_word' id='word_1_99' title='bbox 316 1127 415 1167; x_wconf 87' lang='lat' dir='ltr'>scies</span> <span class='ocrx_word' id='word_1_100' title='bbox 437 1129 514 1167; x_wconf 79' lang='lat' dir='ltr'>hau</span> <span class='ocrx_word' id='word_1_101' title='bbox 536 1130 661 1168; x_wconf 91' lang='lat' dir='ltr'>multo</span> <span class='ocrx_word' id='word_1_102' title='bbox 681 1137 780 1180; x_wconf 87' lang='lat' dir='ltr'>post.</span> <span class='ocrx_word' id='word_1_103' title='bbox 842 1130 908 1168; x_wconf 92' lang='lat' dir='ltr'>N1.</span> <span class='ocrx_word' id='word_1_104' title='bbox 941 1128 1092 1180; x_wconf 90' lang='lat' dir='ltr'>oppido</span> <span class='ocrx_word' id='word_1_105' title='bbox 1112 1127 1239 1167; x_wconf 89' lang='lat' dir='ltr'>interii</span> <span class='ocrx_word' id='word_1_106' title='bbox 1260 1127 1387 1167; x_wconf 90' lang='lat' dir='ltr'>miser.</span> 
     </span>
     <span class='ocr_line' id='line_1_16' title="bbox 206 1193 1317 1243; baseline -0.001 -11"><span class='ocrx_word' id='word_1_107' title='bbox 206 1194 283 1232; x_wconf 69' lang='lat' dir='ltr'>CH.</span> <span class='ocrx_word' id='word_1_108' title='bbox 315 1193 411 1243; x_wconf 88' lang='lat' dir='ltr'>quid</span> <span class='ocrx_word' id='word_1_109' title='bbox 432 1195 569 1232; x_wconf 85' lang='lat' dir='ltr'>nunc?</span> <span class='ocrx_word' id='word_1_110' title='bbox 596 1195 785 1233; x_wconf 87' lang='lat' dir='ltr'>scelestus</span> <span class='ocrx_word' id='word_1_111' title='bbox 806 1193 876 1232; x_wconf 90' lang='lat' dir='ltr'>tibi</span> <span class='ocrx_word' id='word_1_112' title='bbox 897 1193 1054 1233; x_wconf 91' lang='lat' dir='ltr'>uidetur</span> <span class='ocrx_word' id='word_1_113' title='bbox 1075 1194 1317 1243; x_wconf 86' lang='lat' dir='ltr'>Chrysalus?</span> 
     </span>
     <span class='ocr_line' id='line_1_17' title="bbox 203 1258 1620 1309; baseline 0.002 -13"><span class='ocrx_word' id='word_1_114' title='bbox 203 1271 274 1308; x_wconf 84' lang='lat' dir='ltr'>age</span> <span class='ocrx_word' id='word_1_115' title='bbox 295 1272 401 1297; x_wconf 89' lang='lat' dir='ltr'>nunc</span> <span class='ocrx_word' id='word_1_116' title='bbox 422 1258 572 1298; x_wconf 91' lang='lat' dir='ltr'>uincito</span> <span class='ocrx_word' id='word_1_117' title='bbox 591 1272 666 1307; x_wconf 90' lang='lat' dir='ltr'>me,</span> <span class='ocrx_word' id='word_1_118' title='bbox 687 1261 909 1298; x_wconf 86' lang='lat' dir='ltr'>auscultato</span> <span class='ocrx_word' id='word_1_119' title='bbox 929 1258 1021 1298; x_wconf 87' lang='lat' dir='ltr'>filio.</span> <span class='ocrx_word' id='word_1_120' title='bbox 1554 1263 1620 1309; x_wconf 84' lang='grc'>855</span> 
     </span>
     <span class='ocr_line' id='line_1_18' title="bbox 147 1322 1199 1375; baseline 0.002 -16"><span class='ocrx_word' id='word_1_121' title='bbox 147 1337 183 1369; x_wconf 85' lang='lat'>15</span> <span class='ocrx_word' id='word_1_122' title='bbox 203 1322 310 1361; x_wconf 85' lang='lat' dir='ltr'>dixin</span> <span class='ocrx_word' id='word_1_123' title='bbox 333 1323 402 1361; x_wconf 88' lang='lat' dir='ltr'>tibi</span> <span class='ocrx_word' id='word_1_124' title='bbox 423 1337 498 1375; x_wconf 85' lang='lat' dir='ltr'>ego</span> <span class='ocrx_word' id='word_1_125' title='bbox 518 1323 628 1363; x_wconf 90' lang='lat' dir='ltr'>illum</span> <span class='ocrx_word' id='word_1_126' title='bbox 649 1324 904 1363; x_wconf 90' lang='lat' dir='ltr'>inuenturum</span> <span class='ocrx_word' id='word_1_127' title='bbox 925 1331 964 1363; x_wconf 89' lang='lat' dir='ltr'>te</span> <span class='ocrx_word' id='word_1_128' title='bbox 983 1323 1101 1374; x_wconf 89' lang='lat' dir='ltr'>quali’</span> <span class='ocrx_word' id='word_1_129' title='bbox 1121 1322 1199 1362; x_wconf 83' lang='lat' dir='ltr'>sit?</span> 
     </span>
     <span class='ocr_line' id='line_1_19' title="bbox 203 1387 1535 1439; baseline 0.003 -15"><span class='ocrx_word' id='word_1_130' title='bbox 203 1388 269 1425; x_wconf 93' lang='grc' dir='ltr'>Νι.</span> <span class='ocrx_word' id='word_1_131' title='bbox 302 1388 399 1438; x_wconf 90' lang='lat' dir='ltr'>quid</span> <span class='ocrx_word' id='word_1_132' title='bbox 419 1402 526 1428; x_wconf 89' lang='lat' dir='ltr'>nunc</span> <span class='ocrx_word' id='word_1_133' title='bbox 546 1402 620 1439; x_wconf 85' lang='lat' dir='ltr'>ego</span> <span class='ocrx_word' id='word_1_134' title='bbox 640 1389 811 1428; x_wconf 86' lang='lat' dir='ltr'>faciam?</span> <span class='ocrx_word' id='word_1_135' title='bbox 868 1390 945 1429; x_wconf 73' lang='lat' dir='ltr'>Cn.</span> <span class='ocrx_word' id='word_1_136' title='bbox 978 1388 1070 1428; x_wconf 90' lang='lat' dir='ltr'>iube</span> <span class='ocrx_word' id='word_1_137' title='bbox 1090 1388 1142 1428; x_wconf 89' lang='lat' dir='ltr'>sis</span> <span class='ocrx_word' id='word_1_138' title='bbox 1167 1402 1230 1428; x_wconf 91' lang='lat' dir='ltr'>me</span> <span class='ocrx_word' id='word_1_139' title='bbox 1253 1387 1404 1428; x_wconf 88' lang='lat' dir='ltr'>exsolui</span> <span class='ocrx_word' id='word_1_140' title='bbox 1430 1388 1510 1428; x_wconf 89' lang='lat' dir='ltr'>cito</span> <span class='ocrx_word' id='word_1_141' title='bbox 1524 1402 1535 1436; x_wconf 65' lang='grc' dir='ltr'>,ς</span> 
     </span>
     <span class='ocr_line' id='line_1_20' title="bbox 202 1453 1457 1505; baseline 0.001 -14"><span class='ocrx_word' id='word_1_142' title='bbox 202 1466 293 1491; x_wconf 89' lang='lat' dir='ltr'>nam</span> <span class='ocrx_word' id='word_1_143' title='bbox 315 1453 354 1491; x_wconf 90' lang='lat' dir='ltr'>ni</span> <span class='ocrx_word' id='word_1_144' title='bbox 375 1467 449 1504; x_wconf 87' lang='lat' dir='ltr'>ego</span> <span class='ocrx_word' id='word_1_145' title='bbox 469 1456 661 1502; x_wconf 89' lang='lat' dir='ltr'>exsoluor,</span> <span class='ocrx_word' id='word_1_146' title='bbox 684 1454 762 1493; x_wconf 90' lang='lat' dir='ltr'>iam</span> <span class='ocrx_word' id='word_1_147' title='bbox 784 1455 1006 1493; x_wconf 89' lang='lat' dir='ltr'>manufesto</span> <span class='ocrx_word' id='word_1_148' title='bbox 1027 1454 1230 1494; x_wconf 89' lang='lat' dir='ltr'>hominem</span> <span class='ocrx_word' id='word_1_149' title='bbox 1251 1453 1457 1505; x_wconf 87' lang='lat' dir='ltr'>opprimet.</span> 
     </span>
     <span class='ocr_line' id='line_1_21' title="bbox 202 1519 1317 1570; baseline -0.001 -11"><span class='ocrx_word' id='word_1_150' title='bbox 202 1520 272 1559; x_wconf 84' lang='lat' dir='ltr'>CL.</span> <span class='ocrx_word' id='word_1_151' title='bbox 306 1519 402 1557; x_wconf 88' lang='lat' dir='ltr'>nihil</span> <span class='ocrx_word' id='word_1_152' title='bbox 423 1527 481 1558; x_wconf 89' lang='lat' dir='ltr'>est</span> <span class='ocrx_word' id='word_1_153' title='bbox 502 1520 597 1558; x_wconf 89' lang='lat' dir='ltr'>lucri</span> <span class='ocrx_word' id='word_1_154' title='bbox 618 1521 727 1570; x_wconf 91' lang='lat' dir='ltr'>quod</span> <span class='ocrx_word' id='word_1_155' title='bbox 748 1533 811 1559; x_wconf 88' lang='lat' dir='ltr'>me</span> <span class='ocrx_word' id='word_1_156' title='bbox 832 1520 952 1560; x_wconf 88' lang='lat' dir='ltr'>hodie</span> <span class='ocrx_word' id='word_1_157' title='bbox 972 1521 1101 1560; x_wconf 81' lang='lat' dir='ltr'>facere</span> <span class='ocrx_word' id='word_1_158' title='bbox 1120 1519 1317 1568; x_wconf 90' lang='lat' dir='ltr'>mauelim,</span> 
     </span>
     <span class='ocr_line' id='line_1_22' title="bbox 202 1584 1623 1636; baseline 0.001 -14"><span class='ocrx_word' id='word_1_159' title='bbox 202 1596 322 1634; x_wconf 89' lang='lat' dir='ltr'>quam</span> <span class='ocrx_word' id='word_1_160' title='bbox 344 1584 454 1622; x_wconf 94' lang='lat' dir='ltr'>illum</span> <span class='ocrx_word' id='word_1_161' title='bbox 475 1585 687 1624; x_wconf 85' lang='lat' dir='ltr'>cubantem</span> <span class='ocrx_word' id='word_1_162' title='bbox 708 1599 798 1624; x_wconf 92' lang='lat' dir='ltr'>cum</span> <span class='ocrx_word' id='word_1_163' title='bbox 820 1585 885 1624; x_wconf 86' lang='lat' dir='ltr'>illa</span> <span class='ocrx_word' id='word_1_164' title='bbox 905 1585 1137 1636; x_wconf 87' lang='lat' dir='ltr'>opprimere,</span> <span class='ocrx_word' id='word_1_165' title='bbox 1159 1585 1279 1624; x_wconf 91' lang='lat' dir='ltr'>ambo</span> <span class='ocrx_word' id='word_1_166' title='bbox 1300 1593 1341 1624; x_wconf 90' lang='lat' dir='ltr'>ut</span> <span class='ocrx_word' id='word_1_167' title='bbox 1363 1599 1511 1624; x_wconf 88' lang='lat' dir='ltr'>necem.</span> <span class='ocrx_word' id='word_1_168' title='bbox 1553 1588 1623 1623; x_wconf 91' lang='lat'>860</span> 
     </span>
     <span class='ocr_line' id='line_1_23' title="bbox 142 1649 1383 1701; baseline 0 -12"><span class='ocrx_word' id='word_1_169' title='bbox 142 1662 184 1684; x_wconf 82' lang='lat'>20</span> <span class='ocrx_word' id='word_1_170' title='bbox 204 1650 282 1689; x_wconf 72' lang='lat' dir='ltr'>Cn.</span> <span class='ocrx_word' id='word_1_171' title='bbox 313 1649 436 1689; x_wconf 86' lang='lat' dir='ltr'>audin</span> <span class='ocrx_word' id='word_1_172' title='bbox 457 1663 558 1700; x_wconf 83' lang='lat' dir='ltr'>quae</span> <span class='ocrx_word' id='word_1_173' title='bbox 579 1650 780 1701; x_wconf 84' lang='lat' dir='ltr'>loquitur?</span> <span class='ocrx_word' id='word_1_174' title='bbox 808 1650 904 1701; x_wconf 86' lang='lat' dir='ltr'>quin</span> <span class='ocrx_word' id='word_1_175' title='bbox 926 1659 966 1689; x_wconf 90' lang='lat' dir='ltr'>tu</span> <span class='ocrx_word' id='word_1_176' title='bbox 989 1665 1051 1690; x_wconf 89' lang='lat' dir='ltr'>me</span> <span class='ocrx_word' id='word_1_177' title='bbox 1072 1650 1220 1690; x_wconf 82' lang='lat' dir='ltr'>exsolui</span> <span class='ocrx_word' id='word_1_178' title='bbox 1242 1650 1383 1689; x_wconf 85' lang='lat' dir='ltr'>iubes?</span> 
     </span>
     <span class='ocr_line' id='line_1_24' title="bbox 202 1714 1161 1767; baseline 0.001 -14"><span class='ocrx_word' id='word_1_179' title='bbox 202 1715 270 1753; x_wconf 90' lang='grc' dir='ltr'>Νι.</span> <span class='ocrx_word' id='word_1_180' title='bbox 303 1714 494 1754; x_wconf 88' lang='lat' dir='ltr'>exsoluite</span> <span class='ocrx_word' id='word_1_181' title='bbox 514 1715 642 1753; x_wconf 90' lang='lat' dir='ltr'>istum.</span> <span class='ocrx_word' id='word_1_182' title='bbox 702 1715 811 1766; x_wconf 82' lang='lat' dir='ltr'>perii,</span> <span class='ocrx_word' id='word_1_183' title='bbox 833 1716 1013 1767; x_wconf 88' lang='lat' dir='ltr'>pertimui</span> <span class='ocrx_word' id='word_1_184' title='bbox 1035 1716 1161 1755; x_wconf 87' lang='lat' dir='ltr'>miser.</span> 
     </span>
     <span class='ocr_line' id='line_1_25' title="bbox 201 1778 1295 1832; baseline 0.001 -13"><span class='ocrx_word' id='word_1_185' title='bbox 201 1780 272 1820; x_wconf 87' lang='lat' dir='ltr'>CL.</span> <span class='ocrx_word' id='word_1_186' title='bbox 305 1787 388 1818; x_wconf 91' lang='lat' dir='ltr'>tum</span> <span class='ocrx_word' id='word_1_187' title='bbox 409 1779 530 1828; x_wconf 89' lang='lat' dir='ltr'>illam,</span> <span class='ocrx_word' id='word_1_188' title='bbox 550 1793 652 1830; x_wconf 87' lang='lat' dir='ltr'>quae</span> <span class='ocrx_word' id='word_1_189' title='bbox 672 1793 814 1831; x_wconf 90' lang='lat' dir='ltr'>corpus</span> <span class='ocrx_word' id='word_1_190' title='bbox 836 1778 1009 1832; x_wconf 48' lang='lat' dir='ltr'>publicat</span> <span class='ocrx_word' id='word_1_191' title='bbox 1032 1782 1150 1831; x_wconf 83' lang='lat' dir='ltr'>uolgo</span> <span class='ocrx_word' id='word_1_192' title='bbox 1170 1794 1295 1829; x_wconf 89' lang='lat' dir='ltr'>suom,</span> 
     </span>
     <span class='ocr_line' id='line_1_26' title="bbox 200 1845 1102 1898; baseline 0.002 -15"><span class='ocrx_word' id='word_1_193' title='bbox 200 1846 289 1885; x_wconf 85' lang='lat' dir='ltr'>saxo</span> <span class='ocrx_word' id='word_1_194' title='bbox 309 1859 351 1885; x_wconf 88' lang='lat' dir='ltr'>se</span> <span class='ocrx_word' id='word_1_195' title='bbox 372 1847 448 1884; x_wconf 87' lang='lat' dir='ltr'>hau</span> <span class='ocrx_word' id='word_1_196' title='bbox 469 1845 576 1885; x_wconf 85' lang='lat' dir='ltr'>dicat</span> <span class='ocrx_word' id='word_1_197' title='bbox 597 1853 753 1885; x_wconf 84' lang='lat' dir='ltr'>nactam</span> <span class='ocrx_word' id='word_1_198' title='bbox 775 1861 893 1898; x_wconf 88' lang='lat' dir='ltr'>quem</span> <span class='ocrx_word' id='word_1_199' title='bbox 915 1847 1102 1886; x_wconf 88' lang='lat' dir='ltr'>derideat.</span> 
     </span>
     <span class='ocr_line' id='line_1_27' title="bbox 201 1910 1615 1963; baseline 0 -13"><span class='ocrx_word' id='word_1_200' title='bbox 201 1912 278 1950; x_wconf 74' lang='lat' dir='ltr'>Cn.</span> <span class='ocrx_word' id='word_1_201' title='bbox 311 1910 456 1961; x_wconf 87' lang='lat' dir='ltr'>pacisci</span> <span class='ocrx_word' id='word_1_202' title='bbox 477 1924 567 1949; x_wconf 92' lang='lat' dir='ltr'>cum</span> <span class='ocrx_word' id='word_1_203' title='bbox 590 1911 656 1950; x_wconf 91' lang='lat' dir='ltr'>illo</span> <span class='ocrx_word' id='word_1_204' title='bbox 678 1914 850 1962; x_wconf 85' lang='lat' dir='ltr'>paullula</span> <span class='ocrx_word' id='word_1_205' title='bbox 870 1912 1038 1963; x_wconf 84' lang='lat' dir='ltr'>pecunia</span> <span class='ocrx_word' id='word_1_206' title='bbox 1548 1913 1615 1958; x_wconf 84' lang='lat'>865</span> 
     </span>
     <span class='ocr_line' id='line_1_28' title="bbox 145 1976 1311 2028; baseline 0.001 -14"><span class='ocrx_word' id='word_1_207' title='bbox 145 1993 177 2022; x_wconf 68' lang='lat'>25</span> <span class='ocrx_word' id='word_1_208' title='bbox 202 1984 324 2025; x_wconf 88' lang='lat' dir='ltr'>potes.</span> <span class='ocrx_word' id='word_1_209' title='bbox 384 1977 449 2015; x_wconf 88' lang='lat' dir='ltr'>N1.</span> <span class='ocrx_word' id='word_1_210' title='bbox 482 1976 637 2027; x_wconf 82' lang='lat' dir='ltr'>pacisce</span> <span class='ocrx_word' id='word_1_211' title='bbox 657 1991 763 2028; x_wconf 84' lang='lat' dir='ltr'>ergo,</span> <span class='ocrx_word' id='word_1_212' title='bbox 783 1991 960 2028; x_wconf 88' lang='lat' dir='ltr'>opsecro,</span> <span class='ocrx_word' id='word_1_213' title='bbox 983 1978 1079 2028; x_wconf 88' lang='lat' dir='ltr'>quid</span> <span class='ocrx_word' id='word_1_214' title='bbox 1099 1977 1170 2018; x_wconf 91' lang='lat' dir='ltr'>tibi</span> <span class='ocrx_word' id='word_1_215' title='bbox 1191 1978 1311 2023; x_wconf 87' lang='lat' dir='ltr'>lubet,</span> 
     </span>
     <span class='ocr_line' id='line_1_29' title="bbox 201 2041 1324 2093; baseline 0.002 -15"><span class='ocrx_word' id='word_1_216' title='bbox 201 2041 295 2079; x_wconf 93' lang='lat' dir='ltr'>dum</span> <span class='ocrx_word' id='word_1_217' title='bbox 318 2054 366 2079; x_wconf 89' lang='lat' dir='ltr'>ne</span> <span class='ocrx_word' id='word_1_218' title='bbox 389 2043 611 2080; x_wconf 83' lang='lat' dir='ltr'>manufesto</span> <span class='ocrx_word' id='word_1_219' title='bbox 632 2043 835 2081; x_wconf 88' lang='lat' dir='ltr'>hominem</span> <span class='ocrx_word' id='word_1_220' title='bbox 857 2043 1053 2093; x_wconf 85' lang='lat' dir='ltr'>opprimat</span> <span class='ocrx_word' id='word_1_221' title='bbox 1074 2043 1165 2082; x_wconf 88' lang='lat' dir='ltr'>niue</span> <span class='ocrx_word' id='word_1_222' title='bbox 1185 2042 1324 2081; x_wconf 88' lang='lat' dir='ltr'>enicet.</span> 
     </span>
     <span class='ocr_line' id='line_1_30' title="bbox 201 2106 1244 2159; baseline 0.001 -14"><span class='ocrx_word' id='word_1_223' title='bbox 201 2106 270 2145; x_wconf 78' lang='lat' dir='ltr'>CL.</span> <span class='ocrx_word' id='word_1_224' title='bbox 303 2120 408 2145; x_wconf 91' lang='lat' dir='ltr'>nunc</span> <span class='ocrx_word' id='word_1_225' title='bbox 430 2107 501 2146; x_wconf 87' lang='lat' dir='ltr'>nisi</span> <span class='ocrx_word' id='word_1_226' title='bbox 524 2108 684 2147; x_wconf 89' lang='lat' dir='ltr'>ducenti</span> <span class='ocrx_word' id='word_1_227' title='bbox 708 2108 877 2159; x_wconf 90' lang='lat' dir='ltr'>Philippi</span> <span class='ocrx_word' id='word_1_228' title='bbox 899 2109 1116 2147; x_wconf 86' lang='lat' dir='ltr'>redduntur</span> <span class='ocrx_word' id='word_1_229' title='bbox 1137 2107 1244 2155; x_wconf 81' lang='lat' dir='ltr'>mihi,</span> 
     </span>
     <span class='ocr_line' id='line_1_31' title="bbox 200 2170 1385 2223; baseline 0.002 -15"><span class='ocrx_word' id='word_1_230' title='bbox 200 2170 274 2208; x_wconf 86' lang='lat' dir='ltr'>iam</span> <span class='ocrx_word' id='word_1_231' title='bbox 298 2171 450 2210; x_wconf 81' lang='lat' dir='ltr'>illorum</span> <span class='ocrx_word' id='word_1_232' title='bbox 472 2186 545 2222; x_wconf 81' lang='lat' dir='ltr'>ego</span> <span class='ocrx_word' id='word_1_233' title='bbox 564 2173 737 2211; x_wconf 85' lang='lat' dir='ltr'>animam</span> <span class='ocrx_word' id='word_1_234' title='bbox 758 2173 966 2211; x_wconf 86' lang='lat' dir='ltr'>amborum</span> <span class='ocrx_word' id='word_1_235' title='bbox 987 2173 1206 2212; x_wconf 81' lang='lat' dir='ltr'>exsorbebo</span> <span class='ocrx_word' id='word_1_236' title='bbox 1226 2171 1385 2223; x_wconf 89' lang='lat' dir='ltr'>oppido.</span> 
     </span>
     <span class='ocr_line' id='line_1_32' title="bbox 201 2234 1617 2289; baseline 0.001 -14"><span class='ocrx_word' id='word_1_237' title='bbox 201 2237 265 2274; x_wconf 93' lang='grc' dir='ltr'>Νι.</span> <span class='ocrx_word' id='word_1_238' title='bbox 299 2251 360 2275; x_wconf 82' lang='lat' dir='ltr'>em</span> <span class='ocrx_word' id='word_1_239' title='bbox 383 2238 472 2276; x_wconf 90' lang='lat' dir='ltr'>illoc</span> <span class='ocrx_word' id='word_1_240' title='bbox 493 2238 658 2288; x_wconf 81' lang='lat' dir='ltr'>pacisce,</span> <span class='ocrx_word' id='word_1_241' title='bbox 682 2238 710 2275; x_wconf 83' lang='lat' dir='ltr'>si</span> <span class='ocrx_word' id='word_1_242' title='bbox 734 2246 862 2288; x_wconf 75' lang='lat' dir='ltr'>potest</span> <span class='ocrx_word' id='word_1_243' title='bbox 882 2253 889 2284; x_wconf 90' lang='lat'>;</span> <span class='ocrx_word' id='word_1_244' title='bbox 919 2252 1047 2289; x_wconf 79' lang='lat' dir='ltr'>perge,</span> <span class='ocrx_word' id='word_1_245' title='bbox 1069 2251 1244 2288; x_wconf 86' lang='lat' dir='ltr'>opsecr0‚</span> <span class='ocrx_word' id='word_1_246' title='bbox 1548 2234 1617 2277; x_wconf 93' lang='lat'>870</span> 
     </span>
     <span class='ocr_line' id='line_1_33' title="bbox 243 2339 1527 2381; baseline 0.001 -11"><span class='ocrx_word' id='word_1_247' title='bbox 243 2341 306 2377; x_wconf 82' lang='lat'>852</span> <span class='ocrx_word' id='word_1_248' title='bbox 332 2346 435 2379; x_wconf 78' lang='lat' dir='ltr'>nupta</span> <span class='ocrx_word' id='word_1_249' title='bbox 452 2340 517 2370; x_wconf 62' lang='lat' dir='ltr'>sod.</span> <span class='ocrx_word' id='word_1_250' title='bbox 630 2341 695 2379; x_wconf 88' lang='lat'>856</span> <span class='ocrx_word' id='word_1_251' title='bbox 719 2340 777 2371; x_wconf 76' lang='lat' dir='ltr'>tibi</span> <span class='ocrx_word' id='word_1_252' title='bbox 811 2340 861 2370; x_wconf 77' lang='lat' dir='ltr'>dcl</span> <span class='ocrx_word' id='word_1_253' title='bbox 902 2340 1054 2381; x_wconf 79' lang='lat' dir='ltr'>Kaemps</span> <span class='ocrx_word' id='word_1_254' title='bbox 1091 2341 1154 2371; x_wconf 83' lang='lat' dir='ltr'>siet</span> <span class='ocrx_word' id='word_1_255' title='bbox 1171 2339 1236 2371; x_wconf 86' lang='lat' dir='ltr'>cod.</span> <span class='ocrx_word' id='word_1_256' title='bbox 1343 2341 1406 2379; x_wconf 79' lang='lat'>863</span> <span class='ocrx_word' id='word_1_257' title='bbox 1432 2340 1527 2371; x_wconf 75' lang='lat' dir='ltr'>illaec</span> 
     </span>
    </p>
   </div>
   <div class='ocr_carea' id='block_1_4' title="bbox 199 2383 1523 2467">
    <p class='ocr_par' dir='ltr' id='par_1_4' title="bbox 199 2383 1523 2467">
     <span class='ocr_line' id='line_1_34' title="bbox 200 2383 1523 2424; baseline 0.002 -11"><span class='ocrx_word' id='word_1_258' title='bbox 200 2383 288 2413; x_wconf 71' lang='lat' dir='ltr'>Bnclx</span> <span class='ocrx_word' id='word_1_259' title='bbox 379 2385 443 2414; x_wconf 90' lang='lat'>866</span> <span class='ocrx_word' id='word_1_260' title='bbox 470 2386 512 2413; x_wconf 79' lang='lat' dir='ltr'>(et</span> <span class='ocrx_word' id='word_1_261' title='bbox 525 2384 598 2423; x_wconf 84' lang='lat'>870.</span> <span class='ocrx_word' id='word_1_262' title='bbox 614 2385 654 2422; x_wconf 90' lang='lat'>87</span> <span class='ocrx_word' id='word_1_263' title='bbox 664 2385 694 2413; x_wconf 49' lang='grc' dir='ltr'>ιδ</span> <span class='ocrx_word' id='word_1_264' title='bbox 713 2384 845 2423; x_wconf 84' lang='lat' dir='ltr'>pacisce</span> <span class='ocrx_word' id='word_1_265' title='bbox 858 2383 959 2414; x_wconf 81' lang='lat' dir='ltr'>Bothe</span> <span class='ocrx_word' id='word_1_266' title='bbox 973 2396 979 2415; x_wconf 95' lang='lat'>:</span> <span class='ocrx_word' id='word_1_267' title='bbox 997 2385 1168 2424; x_wconf 77' lang='lat' dir='ltr'>paciscere</span> <span class='ocrx_word' id='word_1_268' title='bbox 1179 2383 1244 2416; x_wconf 84' lang='lat' dir='ltr'>cod.</span> <span class='ocrx_word' id='word_1_269' title='bbox 1334 2385 1398 2422; x_wconf 87' lang='lat'>869</span> <span class='ocrx_word' id='word_1_270' title='bbox 1415 2394 1467 2423; x_wconf 87' lang='lat' dir='ltr'>cg.</span> <span class='ocrx_word' id='word_1_271' title='bbox 1481 2383 1523 2415; x_wconf 67' lang='lat'>511.</span> 
     </span>
     <span class='ocr_line' id='line_1_35' title="bbox 199 2427 694 2467; baseline 0.002 -10"><span class='ocrx_word' id='word_1_272' title='bbox 199 2427 352 2467; x_wconf 80' lang='lat' dir='ltr'>Kacmps</span> <span class='ocrx_word' id='word_1_273' title='bbox 431 2428 496 2467; x_wconf 91' lang='lat'>870</span> <span class='ocrx_word' id='word_1_274' title='bbox 513 2432 610 2466; x_wconf 85' lang='lat' dir='ltr'>potes</span> <span class='ocrx_word' id='word_1_275' title='bbox 621 2427 694 2458; x_wconf 64' lang='lat' dir='ltr'>PG)</span> 
     </span>
    </p>
   </div>
  </div>
 </body>
</html>
