1727 2702
124 126 239 156 PROL.

683 116 730 154 T.
765 116 944 156 MACCI
978 116 1180 155 PLAVTI

263 243 400 268 uerum
423 230 513 268 illuc
535 230 654 270 redeo
674 230 781 268 unde
801 228 879 268 abii
899 236 1018 280 atque
1038 243 1119 268 uno
1139 236 1225 269 asto
1245 229 1285 268 in
1305 230 1404 270 loco.

265 294 586 346 Epidamniensis
607 295 660 333 ill’
680 308 799 345 quem
820 295 972 334 dudum
993 294 1183 342 dixeram,

261 361 465 412 geminum
487 360 594 399 illum
617 373 783 411 puerum
804 359 871 410 qui
893 359 1090 411 surrupuit
1109 361 1290 410 alterum,

198 440 199 443 ’
224 437 229 442 ’
264 426 300 466 ei
322 426 533 466 liberorum
555 426 628 464 nisi
650 425 811 465 diuitiae
833 425 929 464 nihil
950 434 1055 464 erat:

203 499 248 533 60
264 493 429 543 adoptat
449 491 557 530 illum
579 504 743 542 puerum
765 490 1042 541 surrupticium

265 557 339 596 sibi
361 557 483 595 filium
505 556 620 607 eique
641 569 801 595 uxorem
821 557 998 595 dotatam
1019 555 1140 602 dedit,

264 635 436 673 eumque
457 623 642 661 heredem
663 621 754 660 fecit
774 634 896 672 quom
917 621 1000 672 ipse
1021 621 1118 660 obiit
1139 620 1257 660 diem.

265 700 357 726 narn
379 700 442 725 rus
462 694 504 725 ut
525 686 605 725 ibat
626 687 734 735 forte,
757 694 800 725 ut
821 688 987 725 multum
1009 687 1171 736 pluerat,

201 778 205 782 -
266 752 461 803 ingressus
482 751 647 790 fluuium
668 751 848 803 rapidum
869 752 920 790 ab
941 752 1037 790 urbe
1057 753 1136 790 hau
1158 752 1326 802 longule,

205 821 247 864 ⁶5
266 817 425 868 rapidus
445 816 587 867 raptori
608 816 716 867 pueri
737 815 924 855 subduxit
944 816 1066 866 pedes

265 881 529 933 apstraxitque
550 881 754 921 hominem
775 881 815 919 in
836 894 1061 919 maxumam
1083 882 1225 919 malam
1247 894 1415 920 crucem.

265 947 318 987 illi
340 947 501 987 diuitiae
526 947 530 998 Ι
557 954 774 986 euenerunt
795 959 1013 985 maxumae.

265 1012 298 1052 is
318 1012 395 1051 illic
415 1011 566 1052 habitat
585 1011 766 1063 geminus
786 1010 1052 1062 surrupticius.

207 1091 213 1094 ·
266 1092 373 1118 nunc
394 1078 456 1117 ille
476 1077 668 1128 geminus,
690 1076 758 1128 qui
779 1077 978 1127 Syracusis
998 1075 1129 1122 habet,

208 1161 248 1195 70
267 1144 387 1184 hodie
407 1143 447 1182 in
470 1143 738 1194 Epidamnum
759 1142 868 1182 uenit
887 1156 978 1182 cum
999 1155 1114 1181 seruo
1133 1155 1207 1181 suo

267 1211 373 1249 hunc
394 1209 653 1260 quaeritatum
674 1208 875 1260 geminum
895 1220 1124 1259 germanum
1146 1221 1272 1247 suom.

266 1277 364 1314 haec
385 1275 477 1314 urbs
499 1273 747 1325 Epidamnus
767 1281 826 1312 est
845 1274 942 1313 dum
964 1274 1062 1312 haec
1082 1272 1208 1323 agitur
1228 1272 1383 1312 fabula:

266 1341 428 1391 quando
447 1339 522 1377 alia
541 1346 676 1389 agetur
695 1338 802 1377 aliud
823 1339 890 1377 fiet
910 1337 1102 1388 oppidum
1120 1351 1129 1385 ;

267 1405 367 1444 sicut
387 1404 556 1443 familiae
577 1417 737 1454 quoque
757 1405 884 1442 solent
905 1401 1111 1441 mutarier:

210 1485 248 1519 75
269 1472 390 1510 modo
411 1470 475 1508 hie
495 1469 645 1508 habitat
665 1471 768 1516 leno,
791 1470 913 1508 modo
932 1469 1179 1515 adulescens,
1200 1468 1321 1507 modo
1341 1480 1470 1515 senex,

269 1549 426 1587 pauper,
450 1534 667 1581 mendicus,
691 1547 766 1581 rex,
789 1532 991 1584 parasitus,
1013 1533 1184 1570 hariolus

324 1615 341 1635 *
457 1615 474 1635 *
588 1613 606 1633 *
720 1614 739 1634 *
853 1613 871 1632 εκ
985 1611 1003 1632 *
1117 1609 1135 1630 *

310 1706 353 1744 56
377 1704 551 1736 redeunde
564 1702 629 1734 cod.
645 1702 739 1743 (corr.
752 1700 815 1741 B2)
960 1710 1000 1740 57
1024 1699 1140 1731 accedit
1155 1700 1186 1730 A
1204 1711 1212 1739 ;
1236 1709 1342 1740 57-75
1360 1704 1491 1731 lantum
1508 1700 1599 1731 initia

266 1752 394 1779 servata
527 1747 569 1787 58
591 1747 732 1778 alteram
747 1745 813 1777 cod.
836 1746 937 1777 (-rum
954 1744 1013 1786 3¹)
1145 1753 1187 1784 59
1209 1743 1344 1775 diuiliae
1361 1743 1425 1775 cod.
1558 1746 1600 1775 62

266 1802 366 1831 quom
384 1791 486 1822 Pius:
509 1801 609 1830 quam
629 1789 694 1820 -ονΙ,
827 1790 869 1827 65
893 1789 1000 1828 pedes
1010 1786 1213 1819 Saracenas:
1234 1787 1320 1818 fides
1337 1787 1401 1819 cod.
1420 1787 1576 1829 (Fme
1592 1799 1599 1826 ;

268 1837 310 1867 νί.
337 1839 367 1870 ι)
513 1835 556 1873 67
582 1833 627 1865 illi
659 1831 816 1875 (autem)
847 1831 974 1862 Schoell
1117 1831 1173 1862 vix
1203 1831 1413 1862 deuenerunt
1558 1841 1600 1871 70

268 1880 383 1910 ueniet
416 1877 551 1919 Geppert
682 1887 721 1916 74
746 1876 867 1907 mutari
898 1875 966 1905 cod.
1001 1874 1036 1913 ti.
1069 1884 1097 1913 7,
1132 1876 1184 1912 ιι)
1327 1883 1367 1914 75
1391 1875 1445 1906 hic
1472 1875 1599 1906 habitat

267 1922 416 1954 Schoell:
441 1923 473 1952 ni
492 1921 616 1952 caditat
633 1920 673 1959 P,
692 1920 725 1950 A
752 1931 785 1950 n.
808 1920 827 1950 l.
981 1919 1022 1958 76
1045 1918 1077 1948 in
1099 1918 1131 1948 A
1163 1928 1262 1957 usque
1286 1918 1334 1948 ad
1348 1928 1377 1949 v.
1403 1927 1441 1957 91
1468 1922 1599 1949 tantum

265 1971 447 2005 paucorum
466 1975 621 1996 versuum
637 1967 782 1995 extmnu
804 1965 973 2003 apparent,
989 1961 1149 2002 prologus
1165 1972 1232 1993 uno
1249 1972 1341 1993 versu
1363 1962 1488 1993 auctior
1491 1961 1600 2003 juisse

269 2010 396 2041 videtur
