1727 2702
127 118 180 155 11.
203 117 250 155 iii
630 118 676 155 T.
710 117 891 157 MACCI
923 117 1127 155 PLAVTI

144 233 185 274 65
208 242 254 267 ea
275 242 412 267 caussa
433 228 619 279 equidem
637 228 743 267 illam
760 228 837 267 emi
858 230 967 267 dono
984 242 1102 279 quam
1120 229 1253 267 darem
1276 223 1388 267 matri
1410 242 1532 269 meae.
1554 245 1625 280 400
1688 242 1701 252 ’·

209 295 283 332 DE.
308 308 357 333 ne
377 296 476 333 duas
497 308 574 334 neu
595 302 633 333 te
653 294 859 333 aduexisse
878 293 1032 333 dixeris.
1086 295 1164 334 CH.
1187 294 1228 333 di
1249 307 1312 333 me
1330 294 1532 334 adiuuant.
1553 307 1668 342 401-2

206 360 282 398 DE.
315 360 510 398 labefacto
530 359 747 410 paullatim.
806 373 943 398 uerum
965 361 1074 410 quod
1098 359 1277 411 praeterii
1297 359 1438 408 dicere,

202 438 333 475 neque
354 425 418 463 illa
439 433 603 464 matrem
624 425 716 464 satis
737 426 903 464 honeste
924 432 1032 463 tuam
1054 424 1165 475 sequi
1185 423 1327 474 poterit
1347 437 1480 463 comes

203 503 333 541 neque
354 490 491 529 sinam.
544 491 623 530 CH.
654 489 722 540 qui
743 492 867 529 uero?
926 491 1002 528 DE.
1026 489 1120 540 quia
1139 489 1205 528 illa
1224 489 1350 527 forma
1370 496 1534 527 matrem
1555 499 1620 536 405

1370 553 1535 592 familias

141 635 182 669 70
202 620 393 671 flagitium
415 620 463 659 sit
485 620 540 659 sei
562 628 748 671 sequatur
765 635 775 669 3
805 621 968 671 quando
995 619 1154 660 incedat
1176 633 1244 670 per
1264 619 1358 666 uias,

201 687 485 736 contemplent‚
508 685 755 737 conspiciant
775 699 929 733 omnes,
950 693 1100 732 nutent,
1124 684 1287 732 nictent,
1310 683 1482 732 sibilent,

202 751 398 797 uellicent,
422 759 578 798 nocent,
603 751 757 790 molesti
780 751 856 790 sint
875 767 884 799 ;
913 757 1124 790 occentent
1146 749 1291 789 ostium
1310 765 1318 788 :

201 816 438 867 impleantur
458 818 682 866 elegeorum
704 829 815 855 meae
836 818 938 856 fores
959 815 1207 855 carbonibus.

200 890 331 932 atque,
354 889 396 920 ut
417 895 523 920 nunc
544 889 635 920 sunt
656 881 938 921 maledicentes
958 879 1150 928 homines,
1174 880 1283 919 uxori
1304 893 1416 919 meae
1553 889 1625 924 410
1682 925 1684 930 Ι

143 960 180 994 75
202 946 379 997 mihique
399 946 601 986 obiectent
622 945 865 985 lenocinium
886 948 1022 986 facere.
1069 959 1161 984 nam
1183 945 1280 996 quid
1300 953 1385 984 eost
1405 945 1535 995 opus?

203 1014 281 1053 CH.
313 1014 444 1052 hercle
465 1012 533 1063 qui
553 1020 595 1051 tu
617 1020 720 1051 recte
741 1011 840 1051 dicis
861 1020 899 1051 et
920 1011 991 1051 tibi
1017 1012 1022 1063 Ι
1047 1010 1258 1050 adsentior.

203 1079 272 1117 sed
294 1077 391 1128 quid
411 1077 477 1116 illa
496 1091 603 1116 nunc
620 1079 719 1116 fiet?
777 1079 853 1116 DE.
886 1084 1001 1116 recte.
1061 1090 1135 1128 ego
1156 1089 1290 1116 emero
1311 1074 1424 1114 matri
1445 1083 1535 1114 tuae

204 1143 387 1182 ancillam
408 1142 624 1194 uiraginem
649 1142 823 1194 aliquam
844 1155 925 1181 non
947 1144 1103 1189 malam,
1125 1143 1251 1181 forma
1271 1143 1384 1189 mala,

205 1216 248 1247 ut
268 1215 433 1247 matrem
453 1209 622 1247 addecet
643 1208 820 1255 familias,
843 1215 910 1246 aut
931 1209 1067 1258 Syram
1087 1214 1154 1245 aut
1175 1206 1409 1258 Aegyptiam
1426 1221 1433 1245 :
1552 1201 1639 1257 415*

144 1282 184 1312 80
205 1287 251 1312 ea
273 1275 404 1321 molet,
427 1281 583 1323 coquet,
606 1273 790 1312 conficiet
811 1286 993 1324 pensum,
1013 1272 1190 1324 pinsetur
1211 1273 1342 1322 flagro,

205 1353 335 1390 neque
356 1347 515 1389 propter
535 1353 622 1378 eam
644 1339 858 1390 quicquam
879 1338 1035 1378 eueniet
1057 1337 1199 1376 nostris
1220 1337 1368 1376 foribus
1389 1335 1519 1387 flagiti.

205 1406 282 1444 CH.
315 1404 412 1455 quid
447 1404 479 1443 si
519 1404 634 1455 igitur
674 1405 860 1444 reddatur
899 1403 954 1442 illi
996 1405 1104 1443 unde
1141 1410 1275 1454 empta
1312 1404 1399 1441 est?
1457 1403 1534 1440 DE.

1161 1467 1323 1506 minime
1344 1466 1534 1518 gentium.

205 1536 283 1576 CH.
315 1535 412 1574 dixit
447 1548 488 1574 se
522 1534 729 1574 redhibere
768 1534 800 1573 si
838 1547 919 1573 non
959 1535 1122 1585 placeat.
1197 1535 1273 1572 DE.
1306 1532 1403 1572 nihil
1436 1532 1536 1571 istoc

1392 1606 1509 1649 opust
1527 1613 1535 1637 :

206 1664 343 1716 litigari
365 1666 459 1704 nolo
479 1678 553 1715 ego
574 1678 752 1716 usquam,
775 1672 883 1704 tuam
903 1672 1037 1704 autem
1057 1664 1232 1704 accusari
1253 1665 1372 1703 fidem
1392 1679 1402 1712 3
1553 1673 1624 1707 420

143 1736 184 1777 85
206 1731 332 1769 multo
352 1731 507 1780 edepol,
531 1730 561 1768 si
583 1729 679 1780 quid
701 1729 974 1777 faciendumst,
1000 1731 1127 1768 facere
1148 1729 1283 1768 damni
1304 1729 1464 1767 mauolo

204 1809 324 1846 quam
342 1795 720 1846 opprobramentum
741 1802 808 1834 aut
829 1794 1020 1846 flagitium
1043 1794 1233 1833 muliebre
1249 1793 1384 1833 ecferri
1399 1794 1532 1832 domo.

204 1875 268 1899 me
289 1860 359 1899 tibi
381 1860 486 1898 illam
509 1873 624 1910 posse
646 1860 786 1910 opinor
806 1861 1006 1899 luculente
1026 1861 1210 1898 uendere.

205 1927 283 1965 CH.
315 1926 410 1964 dum
433 1924 595 1975 quidem
618 1925 749 1964 hercle
769 1938 819 1963 ne
841 1924 1004 1964 minoris
1025 1925 1176 1963 uendas
1200 1923 1318 1974 quam
1346 1936 1420 1974 ego
1441 1922 1532 1970 emi,
1554 1929 1666 1967 424-5

1413 1996 1532 2039 pater.

206 2057 281 2094 DE.
315 2063 400 2094 tace
423 2057 544 2094 modo
562 2071 568 2093 :
598 2069 717 2094 senex
738 2062 795 2094 est
815 2054 979 2105 quidam
999 2054 1066 2104 qui
1087 2054 1192 2093 illam
1215 2053 1419 2092 mandauit
1440 2052 1534 2092 mihi

248 2170 357 2199 401—2
383 2161 415 2191 di
435 2171 487 2190 me
505 2160 558 2190 ad.
577 2159 779 2200 Demiphoni
793 2159 962 2189 continuat
977 2158 1120 2199 Spengel
1228 2168 1357 2197 407—23
1376 2162 1538 2198 perpauca

206 2205 239 2234 in
256 2204 399 2234 versibus
414 2204 565 2234 extremis
582 2203 723 2234 servavit
737 2202 770 2232 A
946 2213 1010 2242 409
1035 2213 1130 2232 meae
1149 2201 1239 2232 sores
1256 2201 1454 2232 carbonibus
1469 2201 1535 2232 ele-

206 2258 346 2286 georum
366 2247 405 2285 P,
424 2247 456 2277 A
476 2259 507 2278 u.
529 2247 549 2277 l.
567 2258 573 2277 ε
598 2247 669 2278 trai.
693 2246 793 2276 Bothe
910 2256 969 2284 4¹1
997 2246 1144 2276 obicient
1160 2245 1192 2274 B
1310 2254 1374 2284 4ῐ2
1398 2245 1490 2275 dices
1506 2243 1538 2274 Β

205 2290 334 2333 (adeo)
351 2292 441 2322 adse.
462 2290 599 2321 Mueller
613 2289 745 2330 (le'n.
766 2288 852 2320 Mus.
872 2299 924 2329 54,
943 2290 1035 2329 394),
1052 2289 1084 2319 Α
1104 2300 1134 2320 n.
1155 2289 1174 2318 Ι.
1310 2298 1374 2327 413
1399 2287 1447 2318 vel
1460 2287 1535 2318 illac

206 2346 271 2374 420
295 2345 435 2374 usquam
452 2334 630 2364 Boxhorn:
658 2343 718 2364 uos
734 2342 832 2373 quam
851 2332 889 2367 P,
908 2333 940 2362 A
956 2343 988 2363 n.
1003 2333 1023 2364 l.
1137 2341 1202 2371 422
1225 2332 1341 2362 cxficri
1360 2331 1535 2361 Abraham

205 2389 270 2418 423
292 2379 343 2409 vrl
356 2379 457 2417 opino
589 2378 719 2416 424-56
741 2376 824 2406 dees!
851 2377 882 2406 A
997 2377 1062 2414 426
1086 2375 1192 2416 illam]
1208 2375 1362 2406 ancillam
1379 2373 1534 2405 Boxhom

208 2424 308 2458 (hanc
327 2421 415 2453 illam
432 2422 465 2452 in
484 2421 683 2461 archerpM)
703 2431 707 2449 :
733 2420 879 2459 aliquam
899 2420 1025 2450 Ix‘ilschl
