1727 2702
150 101 234 141 V.i
640 101 685 138 T.
721 99 900 140 MACCI
932 97 1134 136 PLAVTI

721 343 957 392 ACTVS
1004 344 1050 390 V

118 475 202 511 V.i
482 470 809 508 N1cossvi,vs
923 471 1293 507 Pn1Loanvs

221 582 286 620 Νι.
319 580 605 630 Quiquomque
630 579 697 618 ubi
729 586 831 627 sunt,
854 579 920 630 qui
952 581 1106 618 fuerunt
1136 578 1283 630 quique
1314 578 1430 617 futuri
1463 586 1553 617 sunt

1388 645 1554 695 posthac

220 711 338 758 stulti,
362 711 505 757 stolidi,
530 710 636 757 fatui,
660 709 779 760 fungi,
803 709 926 757 bardi,
950 709 1097 756 blenni,
1120 710 1332 755 buccones,

219 779 324 816 solus
345 790 418 827 ego
439 775 568 814 omnis
589 777 705 825 longe
725 774 887 813 antideo
907 773 1070 813 stultitia
1089 782 1127 813 et
1148 773 1323 812 moribus
1344 773 1524 812 indoctis.

219 842 326 894 perii,
358 843 505 893 pudet:
543 841 687 880 hocine
718 854 780 879 me
809 840 947 879 aetatis
977 841 1092 879 ludos
1121 839 1181 878 bis
1211 841 1355 878 factum
1386 852 1472 878 esse
1501 839 1555 877 in·
1578 857 1668 892 1090

1406 904 1524 954 digne
1540 907 1556 942 ?

183 988 200 1019 5
221 973 335 1024 magi’
367 986 486 1024 quam
520 972 559 1012 id
594 979 743 1022 reputo,
781 979 860 1010 tam
894 970 1016 1021 magis
1054 984 1143 1009 uror
1181 984 1283 1021 quae
1323 970 1424 1008 meu’
1464 969 1556 1007 filiu’

1371 1033 1552 1072 turbauit.

222 1104 387 1155 perditu'
418 1117 503 1142 sum
535 1111 654 1154 atque
685 1101 904 1141 eradicatus
933 1115 1032 1150 sum,
1063 1100 1249 1140 omnibus
1277 1099 1466 1151 exemplis
1495 1113 1555 1138 ex-

1391 1163 1552 1202 crucior.

221 1234 354 1273 omnia
376 1248 437 1273 me
459 1235 561 1272 mala
580 1237 868 1279 consectantur,
891 1231 1077 1271 omnibus
1097 1229 1222 1270 exitiis
1243 1229 1380 1268 interii.

222 1301 424 1349 Chrysalu’
473 1300 565 1337 med
609 1298 730 1337 hodie
777 1296 976 1345 laceraust,
1015 1297 1217 1346 Chrysalu’
1267 1309 1329 1334 me
1370 1295 1553 1334 miserum

1348 1359 1554 1410 spoliauit:

222 1430 254 1469 is
280 1443 342 1469 me
371 1430 498 1468 scelus
527 1443 623 1468 auro
650 1442 775 1479 usque
800 1427 973 1467 attondit
996 1426 1098 1466 dolis
1125 1425 1252 1465 doctis
1279 1425 1483 1465 indoctum
1512 1432 1554 1463 ut
1578 1436 1664 1473 1095

1336 1491 1553 1530 lubitumst.

169 1575 208 1597 10
226 1561 280 1599 ita
305 1560 416 1599 miles
441 1567 633 1599 memorat
663 1558 906 1598 meretricem
931 1571 1016 1597 esse
1044 1571 1130 1597 earn
1155 1571 1274 1608 quam
1302 1557 1366 1596 ille
1396 1569 1556 1595 uxorem

1309 1635 1394 1662 esse
1413 1621 1557 1669 aiebat,

225 1691 438 1742 omniaque
463 1698 503 1729 ut
531 1690 707 1741 quidque
733 1697 865 1728 actum
895 1696 953 1728 est
979 1688 1223 1736 memorauit,
1246 1702 1332 1727 eam
1355 1687 1429 1727 sibi
1450 1688 1555 1725 hunc

1132 1767 1280 1793 annum
1302 1754 1553 1798 conductam,

224 1822 410 1861 relicuom
433 1821 472 1860 id
492 1820 575 1859 auri
596 1822 741 1859 factum
764 1821 873 1870 quod
894 1834 967 1871 ego
984 1819 1018 1859 ei
1041 1820 1306 1858 stultissumus
1328 1820 1450 1857 homo
1471 1829 1556 1867 pro-

1337 1882 1554 1921 misissem:

225 1953 312 1999 hoc,
345 1953 420 1990 hoc
445 1959 502 1990 est
527 1952 635 2001 quod
656 1949 758 2002 (cor)
784 1950 998 2001 peracescit
1017 1965 1026 1998 3
1064 1951 1141 1989 hoc
1171 1957 1228 1988 est
1252 1950 1414 1988 demum
1445 1946 1554 1998 quod

1321 2013 1552 2066 percrucior,

225 2097 286 2123 me
309 2085 384 2122 hoc
404 2083 540 2122 aetatis
562 2082 764 2129 ludificari,
789 2082 912 2121 immo
932 2083 1074 2132 edepol
1097 2081 1152 2120 sic
1172 2082 1287 2120 ludos
1309 2081 1454 2118 sactum
1577 2091 1668 2118 1100

275 2189 355 2226 1087
381 2188 505 2226 ubique
523 2187 554 2217 Β
571 2187 641 2220 (zie.
663 2187 750 2225 ubiq'
764 2188 788 2217 Ὀ
806 2198 810 2217 :
839 2186 890 2216 ubi
913 2186 966 2216 ubi
985 2185 1070 2222 Ital„
1096 2185 1160 2216 Lco
1182 2184 1234 2215 cm'
1258 2184 1395 2214 suerunt
1418 2182 1559 2222 displicet

234 2241 310 2270 ¹09¹
338 2242 423 2270 quae
437 2231 649 2262 Camerarius
664 2242 670 2260 ι
694 2241 792 2269 (μη-ιη
805 2228 872 2260 cod.
1008 2239 1089 2268 1092
1113 2234 1214 2268 atque
1232 2227 1408 2257 Hermann
1424 2237 1430 2255 :
1455 2231 1556 2265 atque

230 2276 359 2308 [etiami
379 2275 446 2306 cod.
465 2276 522 2313 (iv.
542 2275 576 2314 3]
698 2274 829 2304 crucior
846 2272 919 2302 PCD
1087 2282 1167 2312 1097
1194 2275 1356 2301 memorat
1373 2281 1401 2300 e.
1421 2280 1447 2300 s.
1468 2270 1499 2299 in
1520 2269 1551 2299 h.

227 2317 364 2349 Mueller
382 2319 512 2353 (li'lm'n.
529 2318 618 2348 Mus.
639 2327 690 2355 54.
705 2318 784 2355 384)
876 2316 1050 2354 memorat,
1072 2317 1120 2347 i.e.
1137 2316 1264 2352 -2‘1‘11‘)it,
1285 2315 1340 2344 vix
1353 2312 1555 2344 Plautinum

230 2371 312 2401 ¹099
329 2373 394 2401 quo
411 2361 536 2391 Ritschl
623 2371 681 2391 cor
698 2360 775 2390 add.
794 2359 855 2398 Smy
882 2364 926 2389 rr!
1016 2359 1217 2399 peraccessit
1235 2357 1299 2387 cod.
