1727 2702
161 104 230 141 IV.

212 552 229 583 5

193 1143 230 1165 10

252 103 298 140 iii
671 105 716 141 T.
751 103 930 142 MACCI
964 104 1166 141 PLAVTI

361 212 469 250 suaui
502 221 617 251 cantu
650 213 883 251 concelebra
917 225 1077 267 ornnem
1114 213 1216 251 hane
1250 214 1418 263 plateam
1452 213 1583 262 hyme-

1394 290 1494 316 naeo
1516 277 1579 315 mi.

523 345 593 381 Lv.
618 343 692 382 01..
725 344 870 392 hymen
891 344 1110 392 hymenaee
1129 356 1155 381 o
1175 344 1320 392 hymen
1340 345 1346 380 !
1603 348 1672 383 800

254 409 322 446 Lv.
356 409 451 457 quid
479 407 572 458 agis,
596 421 683 446 mea
710 409 843 446 salus?
900 407 974 446 01..
1007 407 1155 446 essurio
1175 408 1316 454 hercle,
1338 415 1458 457 atque
1481 407 1584 445 adeo

1268 473 1345 510 hau
1366 471 1581 511 salubriter.

252 540 321 576 ΙΝ.
354 546 392 576 at
413 552 487 588 ego
506 539 607 577 amo.
668 539 741 577 Or..
774 546 813 576 at
833 551 906 589 ego
927 539 1057 577 hercle
1077 537 1188 576 nihili
1209 537 1320 576 facio.
1380 538 1449 577 tibi
1474 551 1584 577 amor

1351 617 1421 654 pro
1442 603 1580 651 eibost,

252 670 346 707 mihi
369 669 570 708 iaiunitate
591 669 667 708 iam
690 671 843 708 dudum
861 669 1045 708 intestina
1065 677 1318 708 murmurant.

254 736 321 772 ΙΝ.
355 748 445 772 nam
468 735 564 784 quid
586 734 697 773 illaec
725 748 830 773 nunc
858 743 938 772 tarn
966 734 1033 772 diu
1061 734 1165 772 intus
1193 742 1436 773 remorantur
1462 748 1582 774 reme-

1415 799 1582 850 ligines?

249 864 359 914 quasi
400 865 452 903 ob
491 865 738 913 industriam,
768 873 919 915 quanto
957 877 1030 915 ego
1064 866 1151 915 plus
1189 877 1367 915 proper0,
1404 864 1581 914 procedit
1601 867 1667 912 805

1438 929 1578 968 minus.

250 994 323 1032 01..
357 994 453 1044 quid
474 993 504 1032 si
533 996 650 1033 ctiam
679 995 761 1036 †si†
789 995 988 1034 offendam
1017 995 1295 1045 hymenaeum,
1315 994 1345 1032 si
1373 994 1440 1045 qui
1467 994 1582 1033 citius

1360 1061 1583 1111 prodeant?

252 1126 320 1163 ΙΝ.
353 1138 509 1172 censeo,
532 1134 569 1164 et
591 1139 664 1175 ego
685 1134 723 1165 te
742 1125 932 1166 adiutabo
954 1125 991 1164 in
1014 1125 1160 1177 nuptiis
1181 1124 1472 1164 communibus.

521 1192 590 1229 Lv.
624 1191 696 1230 01..
731 1192 874 1242 hymen
897 1192 1115 1242 hymenaee
1135 1203 1159 1228 o
1180 1191 1349 1240 hymen!

252 1257 319 1294 Lv.
353 1254 447 1306 perii
469 1257 599 1294 hercle
621 1269 694 1306 ego
717 1255 855 1294 miser!
886 1255 1076 1306 dirrumpi
1097 1256 1296 1294 cantando
1317 1256 1580 1305 hymenaeum

1466 1321 1555 1359 licet
1574 1337 1580 1360 :

249 1386 317 1427 {¹10
337 1385 477 1425 morbo
497 1399 578 1436 quo
599 1386 787 1437 dirrumpi
809 1386 938 1437 cupio,
961 1399 1042 1425 non
1063 1393 1121 1425 est
1142 1386 1289 1437 copiae.
1601 1387 1671 1421 810

250 1452 323 1490 01..
356 1452 499 1501 edepol
521 1465 569 1490 ne
590 1459 643 1499 tu,
666 1453 697 1490 si
717 1464 841 1502 equos
862 1464 977 1498 esses,
1001 1464 1106 1490 esses
1127 1450 1389 1491 indomabilis.

213 1518 320 1563 :Lv.
353 1529 433 1566 quo
462 1518 723 1566 argumento?
780 1517 843 1556 OL
886 1516 994 1555 nimi'
1023 1524 1139 1556 tenax
1173 1530 1224 1556 es.
1286 1518 1354 1556 Lx'.
1388 1530 1482 1556 num
1519 1531 1582 1556 me

1185 1584 1377 1632 expertu's
1398 1582 1550 1633 uspiam
1566 1584 1582 1621 ?

250 1647 323 1686 OL.
356 1647 395 1685 di
418 1646 556 1685 melius
578 1647 741 1686 saciant!
791 1648 861 1687 sed
882 1647 1033 1697 crepuit
1053 1647 1210 1695 ostium,
1233 1647 1357 1686 exitur
1377 1648 1489 1686 foras.

251 1713 320 1750 Lv.
352 1712 392 1750 di
415 1713 543 1750 hercle
566 1725 628 1750 me
649 1711 814 1763 cupiunt
834 1720 1043 1751 seruatum.

295 1825 358 1855 799
382 1815 451 1845 mico
474 1815 507 1844 A
523 1826 528 1844 ε
556 1816 642 1846 meio
661 1815 694 1845 Ρ
717 1817 764 1855 (in
788 1817 877 1847 initio
896 1827 1011 1848 versus
1027 1819 1186 1858 sequentis
1202 1819 1234 1848 in
1252 1816 1286 1847 P
1297 1821 1326 1848 et
1331 1817 1412 1856 sort.
1432 1818 1530 1848 etiam
1546 1817 1581 1848 in

249 1858 282 1888 A
298 1872 312 1895 ›‚
331 1858 429 1898 credo,
446 1864 508 1898 pro
538 1860 580 1890 mi
599 1860 695 1897 ‘gn-nei)
724 1872 748 1890 ω
775 1861 810 1901 (ι’.
824 1871 847 1891 e.
875 1860 934 1893 LY.
955 1861 1037 1896 OL.:
1064 1863 1100 1901 cf
1125 1861 1172 1892 ad
1192 1862 1281 1892 Pers.
1309 1862 1414 1900 858⁴):
1446 1862 1501 1891 vix
1523 1861 1577 1892 mi.

250 1902 405 1932 CANTOR.
432 1913 452 1932 o
472 1903 583 1941 (iroth.
606 1904 739 1944 septen.)
865 1906 973 1935 801-6
986 1905 1074 1944 fines
1096 1905 1244 1935 mutilata·
1257 1905 1305 1935 vcl
1320 1908 1432 1935 temere
1448 1904 1585 1945 supple-ti

252 1945 282 1975 Ρ
306 1947 316 1980 (
318 1950 450 1985 propter
465 1945 639 1977 laceratam
661 1948 825 1988 paginam
853 1948 886 1978 in
908 1947 982 1985 ΡΑς
1015 1950 1051 1989 <fi
1081 1949 1126 1979 ad
1148 1959 1175 1981 v.
1204 1949 1281 1984 818)
1428 1948 1487 1978 801
1516 1948 1580 1978 hau

250 1989 442 2027 sambriter]
462 1990 549 2021 haud
567 1991 647 2021 sicio
664 1991 755 2030 ζ-ῐίοδ
775 1991 806 2022 Ρ
893 1993 957 2023 802
982 1992 1064 2023 nihil
1082 1992 1114 2023 P
1202 2003 1261 2031 pro
1279 1991 1401 2032 cibost]
1421 1990 1539 2031 pericli
1554 1991 1584 2021 Ρ

250 2032 314 2071 803
339 2033 500 2065 inanitate
516 2033 556 2066 P.
578 2036 798 2066 inmnunitate
817 2039 854 2066 ut
869 2035 930 2066 vid.
952 2037 984 2066 A
1120 2037 1182 2074 804
1209 2041 1396 2066 remoratur
1412 2034 1445 2066 Ρ
1531 2045 1580 2065 re-

251 2076 428 2115 meligines
445 2088 500 2107 om
530 2077 561 2107 Ρ
676 2080 739 2118 805
766 2079 937 2118 procedit]
958 2085 1052 2110 tanto
1070 2078 1156 2119 P(v.
1175 2080 1204 2116 ι)
1331 2079 1395 2109 806
1410 2078 1577 2108 offendam

250 2120 330 2159 (om.
344 2120 388 2158 si)
405 2121 454 2151 P:
481 2122 669 2152 suffundam
688 2121 752 2152 Leo
771 2135 776 2153 ι
802 2123 829 2153 is
847 2133 876 2154 o.
894 2121 1020 2153 Schoell
1106 2123 1132 2153 si
1146 2123 1201 2162 qui
1219 2133 1246 2153 c.
1266 2133 1295 2162 p.
1316 2133 1380 2152 om.
1397 2121 1430 2152 P
1513 2122 1577 2159 807

249 2163 417 2194 adiuuabo
438 2165 468 2193 A
647 2167 712 2204 809
738 2167 929 2204 hymenaeo
954 2166 1122 2197 cantando
1147 2167 1177 2196 A
1345 2166 1408 2196 8ιο
1432 2165 1528 2203 copia
1550 2164 1582 2194 Ρ

248 2206 312 2236 812
335 2208 423 2247 quod
442 2207 474 2237 A
495 2209 566 2246 (vix
582 2209 718 2248 antiqua
737 2209 981 2250 orthographia)
1115 2209 1178 2248 813
1203 2208 1272 2239 exit
1289 2209 1321 2238 A
