1727 2702
83 105 167 143 V.i
572 101 619 138 T.
653 99 832 138 MACCI
865 98 1068 136 PLAVTI

657 227 896 278 ACTVS
946 227 990 273 V

51 339 136 377 V.i
389 335 755 371 Ancvmvpvs
868 330 1255 367 DEMAENETVS

211 418 317 455 ARG.
350 417 436 464 Age
454 412 742 452 decumbamus
763 410 827 457 sis,
849 409 968 460 pater.
1031 411 1107 447 DE.
1138 416 1180 448 ut
1201 408 1368 456 iusseris,

212 480 265 519 mi
285 487 412 530 gnate,
437 478 489 516 ita
509 479 585 515 fiet.
646 478 750 514 Aac.
784 474 904 526 pueri,
928 487 1106 513 mensam
1126 473 1326 524 adponite.

160 549 235 585 DE.
268 543 555 594 numquidnam
584 541 655 580 tibi
682 542 942 586 molestumst,
967 546 1084 590 gnate
1111 539 1176 586 mi,
1199 539 1228 577 si
1257 540 1354 577 haec
1381 551 1487 577 nunc
1506 544 1576 588 830

1115 617 1271 643 mecum
1292 605 1488 643 accubat?

158 680 263 716 ARG.
295 675 430 727 pietas,
466 681 586 725 pater,
623 671 747 711 oeulis
781 672 959 710 dolorem
994 669 1187 720 prohibet.
1246 681 1488 719 quamquam

1147 747 1220 784 ego
1240 742 1364 772 lstanc
1383 746 1486 780 amo,

121 821 138 851 5
159 820 321 859 possum
356 804 542 855 equidem
577 803 765 842 inducere
798 802 976 840 animum
1010 813 1061 839 ne
1093 812 1208 850 aegre
1241 798 1365 849 patiar
1397 798 1489 849 quia

1158 871 1287 902 tecum
1309 863 1487 902 accubat.

162 938 238 975 DE.
279 937 394 974 decet
446 933 716 972 uerecundum
765 944 851 970 esse
901 931 1210 976 adulescentem,
1261 927 1490 978 Argyrippe.

1054 997 1159 1033 ARG.
1191 995 1345 1044 edepol,
1369 1001 1489 1044 pater,

162 1066 300 1105 merito
339 1073 408 1103 tuo
442 1054 569 1102 faceie
602 1076 775 1114 possum.
837 1063 913 1100 DE.
945 1074 1017 1112 age
1049 1073 1153 1111 ergo,
1189 1061 1267 1098 hoc
1299 1058 1490 1110 agitemus

1261 1123 1491 1163 conuiuium

161 1198 256 1236 uino
277 1204 319 1235 ut
339 1208 521 1234 sermone
540 1194 664 1233 suaui.
723 1195 817 1232 nolo
837 1206 911 1243 ego
930 1192 1064 1240 metui,
1085 1191 1206 1230 amari
1228 1192 1398 1238 mauolo,
1511 1190 1577 1236 835

162 1262 214 1300 mi
248 1269 375 1312 gnate,
409 1274 472 1299 me
504 1273 575 1310 aps
605 1267 653 1298 te.
713 1261 818 1297 ARG.
851 1259 917 1308 pol
950 1270 1024 1307 ego
1058 1264 1269 1306 utrumque
1300 1255 1412 1302 facio,
1448 1262 1491 1294 ut

1084 1334 1253 1372 aequom
1275 1328 1333 1359 est
1353 1320 1489 1359 filium.

106 1408 144 1431 10
164 1394 240 1430 DE.
272 1392 430 1430 credam
460 1390 572 1437 istuc,
594 1389 625 1428 si
655 1402 741 1427 esse
771 1396 809 1427 te
836 1388 1003 1426 hilarum
1030 1387 1178 1426 uidero.
1237 1390 1342 1425 ARG.
1374 1399 1424 1424 an
1449 1393 1491 1424 tu

961 1450 1072 1506 [ess']
1094 1465 1156 1491 me
1178 1451 1326 1490 tristem
1349 1453 1493 1503 putas?

164 1524 238 1561 DE.
271 1529 407 1573 putem
427 1534 511 1571 ego,
534 1533 654 1571 quem
675 1520 833 1559 uideam
849 1531 976 1569 aeque
995 1530 1081 1556 esse
1103 1524 1295 1556 maestum
1317 1525 1359 1556 ut
1379 1516 1490 1568 quasi

1132 1582 1216 1621 dies
1237 1582 1267 1621 si
1289 1582 1394 1621 dicta
1414 1582 1492 1620 sit?

162 1655 267 1691 Aac.
300 1665 350 1690 ne
365 1651 465 1690 dixis
482 1651 592 1689 istuc.
655 1652 729 1688 DE.
763 1664 813 1688 ne
826 1649 880 1688 sie
897 1649 1038 1687 fueris:
1060 1648 1150 1687 ilico
1163 1661 1236 1699 ego
1250 1661 1329 1687 non
1344 1648 1489 1687 dixero.
1511 1628 1583 1718 {23

163 1720 267 1756 Aac.
299 1730 362 1755 em
406 1723 589 1766 aspecta:
637 1715 757 1753 rideo.
821 1717 895 1753 DE.
932 1714 1082 1753 utinam
1131 1715 1233 1752 male
1280 1714 1346 1764 qui
1396 1713 1491 1752 mihi

1092 1781 1231 1818 uolunt
1253 1779 1307 1818 sic
1328 1779 1489 1818 rideant.

163 1851 267 1887 Aac.
299 1847 382 1886 scio
415 1846 601 1897 equidem
637 1846 754 1896 quam
790 1846 844 1884 ob
881 1859 962 1884 rem
998 1858 1072 1893 me,
1108 1852 1226 1895 pater,
1264 1852 1304 1883 tu
1344 1844 1491 1883 tristem

1113 1911 1250 1949 credas
1270 1923 1376 1949 nunc
1397 1909 1465 1948 tibi
1484 1925 1491 1948 :

105 1992 143 2024 ¹5
163 1978 256 2029 quia
280 1977 399 2016 istaec
423 1984 481 2016 est
505 1984 647 2015 tecum.
706 1984 826 2027 atque
855 1990 928 2027 ego
955 1976 1116 2027 quidem
1142 1977 1272 2014 hercle
1293 1984 1334 2014 ut
1355 1989 1491 2014 uerum

1116 2041 1185 2080 tibi
1207 2040 1348 2087 dicam,
1372 2049 1490 2091 pater,

165 2122 212 2147 ea
231 2122 291 2147 res
312 2121 375 2146 me
396 2109 498 2146 male
518 2107 662 2155 habet;
691 2115 729 2145 at
751 2120 830 2146 non
851 2120 900 2146 eo
915 2106 1008 2157 quia
1028 2106 1098 2146 tibi
1120 2119 1199 2145 non
1216 2105 1371 2156 cupiam
1393 2119 1495 2156 quae

1374 2170 1496 2217 uelis;

211 2280 288 2313 828,
305 2281 369 2318 829
393 2279 487 2309 alteri
502 2277 792 2308 rccensiom'tribm'!
808 2277 908 2307 Wcise
989 2278 1053 2307 828
1078 2277 1124 2308 uti
1144 2276 1187 2317 (2)
1207 2275 1270 2306 Leo
1353 2276 1416 2314 835
1443 2276 1494 2316 ut]

167 2328 200 2353 et
226 2323 305 2352 Ιίἰις
461 2323 523 2361 837
550 2332 601 2351 me
619 2321 738 2351 Bothe:
762 2331 839 2351 csse
862 2331 914 2351 me
931 2320 1072 2358 cod.(iv.
1087 2321 1124 2360 3)
1287 2319 1350 2358 838
1375 2324 1410 2349 ut
1434 2319 1495 2349 del.

168 2365 352 2395 Lambinus*
506 2367 568 2404 844
594 2375 646 2395 me
667 2376 733 2394 om.
754 2364 976 2401 Camerarius,
990 2368 1089 2395 metro
1099 2363 1266 2394 consulens
1375 2373 1413 2392 ac
1430 2361 1495 2393 cod.

170 2411 217 2448 (at
230 2409 258 2447 J
366 2409 442 2448 quia
460 2409 634 2439 Acidaln'us
651 2421 657 2438 :
681 2409 763 2448 quin
781 2408 849 2438 rod.
