1727 2702
159 109 225 150 ¹..i
631 110 678 147 T.
710 109 892 149 MACCI
924 109 1127 147 PLAVTI

214 236 287 263 suo
307 222 379 263 sibi
400 237 496 263 suco
517 222 667 270 uiuont,
691 236 753 262 ros
774 222 804 261 si
826 236 905 261 non
926 221 1042 270 cadit,

214 287 307 327 item
329 287 484 339 parasiti
505 289 622 327 rebus
642 288 802 339 prolatis
823 289 944 326 latent

157 369 195 401 15
214 352 254 392 in
275 355 432 393 occulto
453 353 594 402 miseri,
615 353 797 392 uictitant
817 366 913 392 suco
933 366 1016 399 suo,

213 419 310 458 dum
332 418 406 457 ruri
428 426 559 457 rurant
579 419 761 458 homines
782 432 882 469 quos
902 417 1110 469 ligurriant.

214 483 373 534 prolatis
393 484 509 523 rebus
529 483 685 534 parasiti
707 483 877 523 uenatici
1568 489 1612 534 85

179 569 184 575 ·
216 546 367 602 [canes]
388 562 533 596 sumus,
557 549 719 599 quando
739 562 798 588 res
819 548 1026 595 redierunt,
1052 547 1256 589 Molossici

217 613 483 665 odiossicique
504 621 542 653 et
563 615 732 653 multum
753 613 1108 653 incommodestici.

157 695 198 718 20
217 687 255 718 et
276 679 339 718 hic
360 679 521 730 quidem
543 681 685 727 hercle,
708 679 782 718 nisi
803 679 871 730 qui
892 680 1081 730 colaphos
1102 679 1251 731 perpeti

217 751 329 795 potes
350 744 540 795 parasitus
561 745 765 796 frangique
784 747 892 784 aulas
914 744 952 783 in
975 753 1102 796 caput,

219 811 281 848 uel
303 809 356 849 ire
377 818 483 849 extra
503 818 656 861 portam
677 810 944 860 Trigeminam
967 811 1017 849 ad
1039 824 1196 849 saecum
1218 810 1319 850 licet.
1569 822 1619 859 90

217 875 326 925 quod
348 874 445 914 mihi
465 888 515 914 ne
535 874 692 915 eueniat
712 889 793 914 non
814 876 966 913 nullum
987 874 1204 926 periculum
1226 882 1294 914 est.

219 953 309 978 nam
332 947 542 991 postquam
564 942 665 979 meu'
686 953 751 979 rex
772 947 830 979 est
851 939 999 991 potitus
1020 939 1248 979 hostiurn—

160 1019 197 1051 25
217 1004 270 1043 ita
292 1018 397 1044 nunc
417 1004 646 1056 belligerant
667 1004 797 1044 Aetoli
818 1018 909 1044 cum
937 1003 941 1056 Ι
967 1004 1076 1044 Aleis
1091 1019 1102 1052 5

218 1082 309 1107 narn
331 1069 487 1108 Aetolia
507 1071 604 1109 haec
625 1077 697 1118 est,
718 1069 771 1108 illi
793 1077 852 1109 est
872 1076 1010 1120 captus
1032 1067 1106 1122 [in]
1128 1069 1245 1109 Alide

218 1134 527 1185 Philopolemus,
550 1134 666 1174 huius
689 1134 884 1186 Hegionis
905 1134 1006 1174 filius
1571 1149 1617 1189 93

218 1198 321 1238 senis
343 1198 409 1249 qui
430 1199 494 1238 hic
515 1199 676 1246 habitat,
700 1213 801 1250 quae
821 1201 940 1239 aedes
961 1199 1213 1239 lamentariae

219 1263 314 1302 mihi
336 1271 440 1312 sunt,
460 1278 558 1315 quas
579 1264 968 1316 quotiensquomque
989 1265 1192 1316 conspicio
1213 1266 1290 1305 fleo
1303 1279 1314 1314 ς

157 1345 200 1376 30
219 1342 325 1368 nunc
346 1329 409 1368 hic
429 1329 584 1380 occepit
604 1337 811 1380 quaestum
833 1331 938 1368 hunc
959 1330 1012 1368 fili
1032 1330 1153 1380 gratia

219 1392 472 1432 inhonestum
494 1402 532 1433 et
554 1408 736 1433 maxume
756 1394 929 1433 alienum
951 1394 1109 1444 ingenio
1130 1408 1225 1434 suo:

219 1457 400 1496 homines
421 1458 599 1509 captiuos
620 1467 917 1506 commereatur,
942 1458 973 1497 si
995 1467 1112 1509 queat
1575 1479 1644 1507 100

217 1521 388 1573 aliquem
411 1522 597 1572 inuenire,
621 1537 736 1562 suum
757 1523 823 1574 qui
846 1531 971 1563 mutet
993 1523 1127 1563 filium.

219 1588 327 1636 quod
349 1587 510 1637 quidem
531 1601 604 1638 ego
626 1587 742 1627 nimis
763 1602 882 1639 quam
904 1588 1052 1639 †cupio
1073 1596 1114 1627 ut
1136 1588 1372 1640 impetret†;

158 1667 196 1698 35
220 1665 310 1689 nam
333 1652 372 1690 ni
393 1651 501 1690 illum
523 1652 669 1704 recipit,
694 1652 790 1691 nihil
811 1661 869 1691 est
890 1666 970 1703 quo
992 1667 1054 1692 me
1075 1653 1271 1704 recipiam.

219 1717 356 1755 †nulla
377 1725 434 1755 est
455 1731 543 1768 spes
564 1717 820 1766 iuuentutis†,
845 1731 930 1757 sese
952 1732 1090 1757 omnes
1109 1726 1242 1757 amant
1258 1734 1267 1766 ;

219 1779 270 1818 ill’
290 1782 451 1820 demum
472 1782 644 1833 antiquis
666 1790 723 1822 est
743 1784 976 1822 adulescens
998 1783 1183 1830 moribus,
1576 1797 1639 1833 105

218 1845 359 1896 quoius
381 1860 597 1898 numquam
620 1849 772 1887 uoltum
794 1848 1041 1898 tranquillaui
1062 1849 1201 1899 gratiis.

262 1951 304 1990 86
328 1960 431 1980 canes
445 1949 502 1981 del.
523 1950 662 1990 Pylades
680 1951 737 1991 liv,
753 1961 786 1991 p.
804 1952 861 1991 61)
970 1952 1038 1983 red.
1059 1950 1218 1994 (sumus)
1238 1953 1337 1983 Birt
1331 1964 1337 1970 ·
1362 1953 1431 1984 red.
1453 1963 1554 1984 canes

219 1992 388 2032 Niemeycr
406 1994 454 2033 (cs
475 1996 610 2035 ‘upra):
637 1995 770 2026 rediere
797 2000 865 2026 tum
892 1995 1018 2026 διΙιοεΙΙ
1147 1997 1188 2035 89
1213 1997 1301 2035 potis
1329 1996 1551 2034 camararius,

183 2050 189 2056 ·
217 2036 291 2074 sort.
314 2040 389 2066 recte
519 2048 562 2077 90
587 2038 641 2069 uel
660 2043 754 2069 extra
798 2063 822 2071 ..
842 2039 932 2069 ilicet
950 2040 1062 2075 Bothe
1080 2050 1130 2069 ται
1150 2040 1202 2070 uel
1220 2043 1268 2070 lrc
1286 2039 1425 2080 displicet
1511 2050 1553 2079 92

223 2079 318 2110 Nunc
337 2079 477 2111 Karsten
497 2080 674 2120 (Mnemos.
695 2092 747 2116 21
770 2083 849 2121 289)
963 2093 1005 2121 93
1029 2082 1130 2113 alidis
1147 2082 1243 2121 cod.(
1233 2083 1284 2122 (cf
1304 2094 1332 2114 v.
1352 2084 1408 2122 24)
1512 2093 1553 2122 94

222 2123 288 2154 illic
305 2123 393 2154 cod.
391 2135 425 2154 ι.
440 2135 464 2155 e.
486 2127 565 2163 -lc²)
667 2126 698 2155 in
711 2125 769 2155 dcl.
783 2125 866 2155 Brix
1060 2136 1116 2156 101
1145 2131 1251 2157 mutet
1269 2126 1456 2167 Sn'ffoppnus
1481 2137 1553 2157 cum

223 2172 329 2197 mutet
347 2167 411 2198 cod.
433 2168 486 2207 (ex
498 2169 610 2207 glossa
631 2179 775 2207 quocum
794 2173 894 2207 supra
916 2169 970 2208 qui
994 2170 1132 2210 scripta;
1158 2170 1194 2209 cs
1213 2180 1241 2201 v.
1260 2169 1316 2207 28)
1454 2180 1510 2200 102
1537 2179 1554 2208 7

218 2214 294 2250 post
320 2220 378 2250 125
402 2211 474 2242 hab
501 2211 567 2242 cod.
591 2212 701 2252 (prius
719 2221 784 2242 om.
805 2215 936 2252 ptoptcr
960 2212 1141 2244 homoeotel.
1163 2214 1263 2250 i-um;
1298 2213 1329 2243 ii.
1349 2214 1380 2251 6,
1402 2224 1431 2253 p.
1458 2214 1555 2252 103):

222 2252 273 2282 hic
294 2255 435 2292 rsposuit
450 2255 510 2285 Ac
510 2254 621 2285 dalms
772 2264 830 2285 102
855 2256 954 2294 cupio
980 2254 1098 2298 (fieri)
1114 2255 1248 2294 Schoell,
1267 2266 1349 2286 nam
1366 2266 1391 2287 c.
1413 2262 1447 2287 ut
1465 2257 1484 2287 i.
1502 2267 1557 2286 vu·

223 2295 276 2326 I‘lr
277 2297 419 2327 :ulmum
532 2298 674 2337 imperet
691 2297 755 2328 cod.
929 2308 988 2338 103
1012 2298 1113 2330 verbis
1130 2300 1162 2330 ni
1180 2299 1272 2330 illum
1298 2300 1413 2330 melius
1437 2302 1558 2330 usone!

224 2339 364 2370 nihilum
502 2351 558 2380 104
586 2352 616 2372 n.
638 2341 655 2371 i.
677 2352 704 2372 e.
729 2351 779 2381 sp.
798 2341 900 2371 Bothe
978 2342 1061 2381 fort.
1087 2352 1153 2373 non
1173 2342 1239 2373 ulla
1257 2343 1329 2382 (vii,
1346 2353 1379 2383 p.
1396 2346 1452 2383 99)
