1727 2712
662 95 980 135 MERCATOR
1402 96 1480 132 111.
1501 96 1548 131 iv

160 207 191 246 si
212 208 397 259 opprimit
418 216 526 259 pater
545 210 654 259 quod
675 207 782 255 dixit,
805 209 1021 246 exsolatum
1042 206 1138 246 abiit
1158 208 1286 255 salus5

160 272 244 312 sein
264 273 408 312 sodalis
429 275 537 324 quod
559 273 737 324 promisit
758 273 858 320 fecit,
882 286 963 311 non
983 272 1079 311 abiit
1100 274 1214 311 salus.

74 350 138 408 595
159 340 229 377 sed
250 339 485 377 tamendem
496 338 527 376 si
548 337 777 388 podagrosis
797 337 966 388 pedibus
986 344 1088 376 esset
1109 338 1324 387 Eutychus,

158 402 236 441 iam
256 417 279 441 a
298 411 413 453 portu
435 402 596 441 rediisse
617 402 754 452 potuit.
813 402 853 440 id
874 401 927 439 illi
949 401 1088 439 uitium
1110 409 1375 440 maxumumst

158 468 267 517 quod
287 467 394 505 nimi’
416 469 549 506 tardus
571 475 629 506 est
649 469 861 506 aduorsum
884 466 961 505 mei
981 466 1102 504 animi
1124 467 1371 506 sententiam.
1510 483 1549 504 10

158 533 228 570 sed
248 532 333 571 isne
352 540 411 571 est
431 546 550 583 quem
571 540 791 571 currentem
812 532 961 570 uideo?
989 533 1096 582 ipsus
1117 539 1185 570 est.
1226 532 1293 570 ibo
1314 531 1485 571 obuiam.

57 603 140 647 598⁸
158 597 296 636 diuom
315 605 435 648 atque
465 597 672 636 hominum
703 611 804 648 quae
833 596 1019 648 speratrix
1045 604 1165 647 atque
1192 610 1256 635 era
1283 598 1422 635 eadem
1447 610 1488 635 es

1246 662 1484 708 hominibus,

52 731 138 777 598b
158 742 269 779 spem
290 736 484 779 speratam
505 741 627 779 quom
648 728 824 779 optulisti
845 729 948 766 hanc
969 727 1077 774 mihi,
1100 727 1171 766 tibi
1191 727 1307 778 gratis
1328 742 1411 778 ago.

158 806 276 839 nunc,
317 794 425 843 quod
464 794 686 841 restat,—ei
711 793 894 844 disperii!
932 794 1063 831 uoltus
1101 793 1332 843 neutiquam
1371 793 1487 832 huius

1362 860 1462 897 lacet
1480 873 1488 880 ·

70 924 141 958 600
158 922 275 961 tristis
296 923 444 962 incedit
465 922 619 973 (pectus
639 923 759 969 ardet,
782 921 955 973 haereo),
978 930 1137 972 quassat
1157 930 1285 973 caput.
1334 871 1360 908 p
1476 890 1488 907 ³
1510 934 1546 965 15

160 990 362 1039 Eutyche!
412 991 484 1027 Ev.
514 1002 573 1035 eu,
590 987 785 1027 Charine!
830 988 907 1027 CH.
938 987 1034 1038 priu’
1051 1001 1170 1038 quam
1188 987 1351 1038 recipias
1370 990 1474 1027 anhe

1361 1053 1485 1101 litum,

158 1132 239 1158 uno
255 1120 378 1158 uerbo
393 1120 577 1169 eloquere
593 1134 600 1157 ε
628 1118 696 1157 ubi
712 1132 786 1169 ego
802 1132 888 1156 sum
903 1121 919 1157 ?
948 1118 1078 1158 hicine
1094 1133 1143 1157 an
1160 1120 1266 1170 apud
1284 1121 1489 1158 mortuos?

158 1186 231 1223 Ev.
264 1198 393 1235 neque
421 1185 529 1235 apud
556 1191 731 1223 mortuos
758 1196 888 1234 neque
918 1183 982 1222 hic
1009 1197 1060 1223 es.
1121 1185 1199 1224 CH.
1231 1185 1361 1222 saluos
1385 1197 1484 1232 sum,

1229 1249 1486 1287 inmortalitas

157 1315 254 1353 mihi
274 1317 367 1355 data
387 1322 468 1354 est:
497 1314 563 1353 hic
583 1314 678 1353 emit
698 1314 815 1362 illam,
838 1315 1001 1365 pulchre
1022 1327 1065 1353 os
1087 1314 1257 1353 subleuit
1278 1314 1386 1365 patri.

69 1381 135 1426 605
157 1381 440 1431 impetrabilior
459 1380 526 1430 qui
546 1380 655 1418 uiuat
674 1381 805 1418 nullus
826 1387 895 1418 est.
955 1379 1054 1426 dice,
1077 1393 1242 1429 opsecro
1259 1396 1265 1418 :
1507 1388 1548 1411 20

156 1446 211 1485 sei
225 1460 355 1497 neque
368 1446 432 1484 hic
445 1458 574 1495 neque
588 1444 829 1483 Accherunti
843 1458 941 1491 sum,
957 1444 1026 1483 ubi
1042 1457 1129 1483 sum
1143 1446 1160 1482 ?
1199 1446 1271 1482 Ev.
1289 1458 1486 1495 nusquam

1296 1510 1483 1560 gentium.

156 1577 234 1616 CH.
267 1576 436 1627 disperii,
459 1576 572 1614 illaec
592 1575 790 1614 interemit
811 1588 875 1614 me
896 1575 1017 1613 modo
1044 1574 1048 1626 Ι
1075 1574 1209 1613 oratio.

157 1644 229 1680 Ev.
262 1642 438 1681 odiosast
458 1641 593 1688 oratio,
617 1654 739 1691 quom
761 1640 842 1679 rem
863 1653 955 1691 agas
975 1639 1235 1691 longinquom
1256 1639 1375 1690 loqui.

157 1708 234 1747 CH.
267 1706 464 1758 quidquid
492 1714 561 1754 est,
583 1707 635 1745 ad
664 1705 793 1756 capita
822 1719 950 1744 rerum
980 1705 1152 1756 perueni.
1214 1707 1285 1743 Ev.
1317 1705 1486 1755 primum

1283 1771 1486 1810 omnium:

67 1839 138 1875 610
156 1837 352 1888 periimus.
413 1838 490 1877 CH.
523 1836 619 1887 quin
639 1844 680 1875 tu
701 1836 798 1875 illud
819 1836 949 1887 potius
971 1835 1128 1875 nuntias
1149 1837 1257 1886 quod
1278 1835 1442 1874 nescio?
1508 1845 1546 1878 25

157 1904 228 1941 Ev.
253 1902 392 1941 mulier
410 1902 579 1940 alienata
599 1909 657 1940 est
676 1915 746 1952 aps
766 1909 815 1940 te.
872 1902 950 1941 CH.
975 1902 1166 1951 Eutyche,
1188 1900 1330 1950 capital
1352 1900 1455 1938 facis.

198 2016 262 2046 595
287 2012 400 2037 tamen
430 2007 519 2037 idem
546 2006 649 2036 Bothe
796 2003 895 2045 598⁸b
920 2006 969 2046 (cf.
1000 2016 1049 2037 vv.
1078 2005 1201 2044 842-3Ὗ
1230 2004 1288 2035 del.
1318 2004 1488 2035 Acidalius

156 2051 236 2090 598⁸
259 2050 452 2090 superatrix
474 2048 629 2080 Ribbeck:
655 2049 824 2080 seruatrix
847 2049 985 2080 Redslob
1003 2048 1114 2080 (Liter.
1138 2048 1308 2080 Centralbl.
1335 2048 1428 2087 1895,
1451 2059 1482 2088 p.

158 2094 258 2133 1761)
348 2104 413 2125 om.
438 2094 556 2124 eadem
576 2093 608 2123 Β
696 2093 849 2124 omnibus
865 2092 1003 2124 Ribbeck
1134 2090 1213 2131 598¹³
1238 2102 1299 2132 spe
1321 2095 1357 2121 ut
1373 2091 1436 2122 vid.
1449 2092 1483 2122 A

156 2142 270 2176 sperat
293 2147 437 2177 aequom
461 2136 494 2166 Β
625 2146 689 2176 599
711 2136 777 2177 [et]
799 2136 830 2167 ei
853 2136 892 2177 P,
914 2136 948 2166 A
970 2136 1026 2168 n.l.
1055 2136 1112 2176 (iv.
1139 2137 1172 2176 3)
1308 2137 1373 2165 600
1396 2135 1485 2165 cedit

154 2181 269 2218 Bothe,
285 2181 318 2210 A
339 2192 370 2212 n.
390 2180 410 2211 l.
458 2180 541 2210 Post
554 2181 642 2210 hunc
655 2191 683 2211 v.
705 2190 789 2211 nova
805 2190 921 2211 scaena
934 2181 968 2210 in
981 2180 1013 2209 A
1033 2184 1072 2210 ut
1086 2180 1148 2210 vid.
1228 2180 1358 2210 601-18
1376 2184 1485 2218 pauca

154 2228 280 2255 servata
292 2224 325 2254 A
426 2225 489 2263 607
515 2224 619 2254 istaec
635 2222 702 2254 Leo
779 2224 894 2265 modo]
915 2225 1075 2254 morando
1092 2223 1228 2253 Mueller
1243 2223 1365 2262 (Rhein
1394 2221 1484 2254 Mus.

155 2278 206 2307 54,
225 2269 305 2308 396)
320 2280 326 2299 :
353 2268 453 2298 modo
470 2266 581 2310 (una)
603 2267 742 2307 Ussing:
758 2267 839 2306 sort.
857 2268 975 2298 odiosa
993 2269 1069 2307 (seq.
1086 2269 1177 2306 ora-)
1280 2267 1345 2297 608
1368 2266 1484 2297 odiosa

154 2317 205 2342 est
232 2311 450 2351 Camerarius,
474 2321 574 2350 neque
592 2311 685 2342 aliter
697 2310 737 2349 P,
757 2315 794 2341 ut
808 2311 873 2342 vid.
894 2311 941 2347 (A
962 2322 995 2341 n.
1013 2311 1062 2350 L),
1083 2321 1165 2341 nam
1190 2310 1282 2340 habet
1305 2310 1385 2340 odio
1401 2320 1484 2340 sane

153 2354 228 2384 PCD
241 2358 317 2395 (pro
329 2361 412 2394 -sae,
428 2356 446 2385 i.
459 2365 482 2386 e.
505 2363 555 2385 -sa
572 2354 651 2394 est),
668 2354 766 2385 hodie
777 2359 861 2385 satst
874 2354 905 2384 Β
922 2356 996 2395 (pro
1007 2359 1092 2385 -sast
1103 2356 1128 2394 ἵ)
1210 2354 1427 2393 longinquam
1439 2353 1480 2393 Β,

153 2399 185 2428 Α
206 2410 236 2431 η,
256 2399 275 2430 l.
412 2400 471 2428 611
500 2398 635 2429 eutiche
653 2398 715 2429 hec
732 2408 804 2437 cap.
820 2398 861 2438 B,
880 2398 912 2428 A
933 2408 964 2428 n.
984 2398 1004 2429 l.
