1727 2712
692 99 899 138 CASINA
1411 101 1466 138 ΙΙ.
1487 101 1538 138 ἰν»

137 211 214 250 CH.
247 209 342 247 mihi
364 209 429 247 illa
449 209 583 255 nubet,
607 208 833 247 machinare
852 207 1062 257 quidlubet
1082 208 1224 259 quouis
1246 211 1377 249 modo.

138 277 206 313 Lv.
238 274 331 313 abin
366 274 458 312 hinc
492 275 542 312 ab
577 273 732 312 oculis?
788 274 865 312 CH.
898 272 1044 312 inuitus
1080 287 1142 313 me
1177 274 1301 322 uides,
1338 275 1471 314 uiuam

1273 347 1473 379 tamen.—

137 407 207 444 Lv.
240 418 380 443 sumne
401 418 474 455 ego
496 404 612 442 miser
632 405 783 442 homo?
812 403 912 442 satin
934 417 1073 443 omnes
1094 417 1154 443 res
1175 412 1266 443 sunt
1281 406 1474 445 aduersae

1348 470 1476 509 mihi?

136 536 214 574 iam
236 543 371 574 metuo
393 549 442 573 ne
463 535 745 585 Olympionem
767 547 856 573 mea
875 547 972 572 uxor
991 535 1209 574 exorauerit
1499 555 1535 587 25

49 613 114 651 305
137 615 187 639 ne
227 600 413 639 Casinam
453 601 595 638 ducat:
645 600 676 638 si
715 600 755 638 id
794 601 941 638 facturn
982 607 1051 647 est,
1088 614 1181 640 ecce
1220 615 1283 640 me
1322 603 1474 640 nullum

1315 680 1449 705 senem
1469 670 1474 705 !

137 730 168 769 si
189 744 270 769 non
291 729 526 780 impetrauit,
551 730 668 768 etiam
690 732 850 780 specula
872 730 911 768 in
928 730 1104 769 sortitust
1125 731 1231 769 mihi.

137 796 168 833 si
189 809 272 834 sors
292 804 424 834 autem
446 795 682 842 decollassit,
704 795 878 845 gladium
900 795 1041 834 faciam
1062 796 1246 835 culcitam

136 874 309 911 eumque
322 860 561 899 incumbam.
594 862 664 899 sed
678 861 923 911 progreditur
936 869 1098 911 optume
1115 875 1253 900 eccum
1272 862 1469 912 Olympio.

452 971 713 1009 OLYMPIO
826 972 1154 1008 LYS1DAMvs
1488 979 1517 1005 v

138 1058 211 1097 OL.
244 1059 334 1095 Vna
354 1058 497 1107 edepol
518 1070 637 1107 opera
658 1056 696 1094 in
718 1058 875 1095 furnum
897 1057 1069 1095 calidum
1091 1057 1254 1096 condito

51 1137 121 1172 310
137 1131 256 1172 atque
276 1122 330 1161 ibi
353 1130 497 1161 torreto
518 1136 582 1161 me
602 1135 673 1172 pro
694 1135 796 1173 pane
817 1122 970 1168 rubido,

137 1188 212 1235 era,
236 1201 313 1238 qua
333 1187 446 1226 istam
468 1188 586 1238 opera
605 1200 628 1225 a
649 1200 713 1225 me
732 1186 928 1237 impetres,
952 1188 1060 1236 quod
1082 1189 1267 1237 postulas.

138 1254 208 1290 Lv.
241 1253 372 1290 saluos
392 1265 490 1299 sum,
513 1253 622 1290 salua
642 1265 730 1302 spes
751 1259 820 1299 est,
843 1260 885 1290 ut
906 1252 1026 1290 uerba
1046 1253 1175 1291 audio.

139 1318 212 1356 OL.
245 1317 341 1367 quid
363 1324 404 1355 tu
426 1330 490 1355 me
509 1325 586 1364 tua,
610 1330 685 1363 era,
708 1316 887 1356 libertate
908 1317 1088 1356 territas?
1491 1333 1510 1367 5

138 1382 205 1432 qui
226 1382 257 1420 si
278 1390 319 1420 tu
341 1382 441 1420 nolis
462 1382 643 1432 filiusque
664 1382 782 1420 etiam
804 1389 902 1429 tum,

51 1458 116 1495 315
138 1447 253 1485 uobis
274 1446 407 1485 inuitis
427 1455 546 1497 atque
565 1447 774 1486 amborum
795 1441 967 1498 ingratiis

138 1524 217 1551 una
237 1511 368 1550 libella
388 1512 485 1550 liber
505 1525 666 1562 possum
688 1512 781 1551 fieri.

140 1577 209 1614 Lv.
242 1577 338 1627 quid
358 1577 458 1616 istuc
478 1579 566 1616 est?
595 1577 756 1627 quicum
778 1577 915 1628 litigas,
939 1578 1156 1629 Olympio?

139 1642 212 1680 OL.
244 1655 334 1680 cum
355 1642 493 1680 eadem
515 1655 594 1692 qua
614 1650 655 1680 tu
676 1656 840 1693 semper.
901 1645 971 1681 Lv.
1003 1657 1094 1682 cum
1115 1644 1223 1682 uxori
1247 1647 1364 1683 mea?
1492 1661 1530 1683 10

140 1707 213 1745 OL.
245 1720 365 1757 quam
385 1715 427 1745 tu
448 1707 501 1745 mi
523 1710 715 1747 uxorem?
744 1709 855 1759 quasi
877 1717 1041 1747 uenator
1061 1717 1101 1748 tu
1123 1710 1284 1760 quidem
1306 1724 1370 1749 es:

53 1782 122 1816 320
139 1772 223 1811 dies
243 1772 362 1822 atque
382 1780 519 1810 noctes
540 1785 630 1810 cum
652 1786 750 1811 eane
770 1781 939 1812 aetatem
960 1774 1091 1824 exigis.

141 1838 209 1874 Lv.
242 1837 338 1886 quid
359 1837 447 1887 agit,
471 1837 567 1887 quid
588 1837 762 1887 loquitur
782 1841 944 1877 tecum?
1001 1840 1074 1878 OL.
1107 1840 1201 1886 orat,
1225 1849 1403 1890 opsecrat

139 1915 188 1938 ne
209 1901 395 1940 Casinam
416 1915 577 1940 uxorem
599 1903 753 1940 ducam.
815 1905 883 1942 Lv.
917 1904 1013 1954 quid
1035 1912 1076 1942 tu
1098 1907 1264 1955 postea?

139 1966 213 2004 01„
246 1966 385 2016 negaui
406 1966 511 2004 enim
533 1966 606 2016 ipsi
629 1980 692 2004 me
712 1980 993 2006 concessurum
1017 1969 1116 2017 Ioui,
1493 1987 1529 2019 15

139 2033 168 2068 si
190 2031 221 2068 is
243 2044 398 2069 mecum
420 2040 555 2069 oraret.
617 2033 686 2069 Lv.
719 2032 758 2070 di
780 2040 818 2071 te
839 2034 1049 2072 seruassint
1072 2034 1167 2072 mihi
1186 2037 1191 2072 l

184 2143 248 2173 303
272 2145 327 2165 res
352 2145 416 2166 om.
438 2134 503 2165 cod.
539 2135 583 2165 iii.
616 2134 647 2174 Ι)
667 2134 757 2175 (add.
781 2135 826 2176 J)
961 2138 1027 2175 306
1052 2137 1189 2176 specula
1214 2138 1312 2169 etiam
1333 2138 1472 2178 Pylades

143 2177 179 2207 in
196 2179 352 2208 sortitust
376 2177 550 2208 Acidalius
566 2190 572 2208 :
598 2179 755 2210 insortita
778 2184 856 2209 sunt
874 2179 933 2221 (st)
951 2179 1017 2212 cod.
1038 2192 1044 2211 :
1062 2181 1094 2211 in
1113 2181 1229 2212 sortist
1249 2181 1466 2221 Camerarius,

144 2221 278 2251 Guietus
373 2231 432 2261 311
456 2232 521 2261 qua
534 2220 637 2252 Bn'x:
663 2232 763 2261 quarn
782 2223 878 2263 (qua)
893 2222 958 2254 cod.
975 2224 1045 2263 (vii.
1063 2225 1097 2263 4)
1167 2225 1218 2254 vel
1231 2225 1357 2256 istanc:
1385 2226 1469 2257 istuc

146 2263 225 2294 Brix
342 2274 406 2303 313
431 2276 482 2295 me
501 2270 556 2295 tua
573 2275 631 2295 era
650 2266 730 2296 Leo:
758 2276 811 2296 me
828 2276 907 2296 uera
925 2266 989 2297 cod.
1008 2269 1082 2307 (pro
1100 2270 1245 2309 m&uera
1258 2269 1285 2307 2)
1406 2279 1466 2309 314

143 2308 195 2346 qui
223 2307 416 2338 Acidalius:
441 2309 520 2347 quid
546 2307 610 2337 cod.
630 2308 683 2347 (cf
698 2310 818 2349 v.313)
975 2311 1037 2349 318
1061 2311 1110 2341 vel
1130 2320 1262 2342 uxoren
1403 2322 1469 2352 320

143 2350 190 2381 vel
203 2360 241 2382 ac
373 2360 433 2391 321
460 2353 506 2382 ait
523 2350 575 2381 PE
