1727 2712
657 85 980 125 BACCHIDES
1415 83 1485 121 IV.
1505 81 1551 118 ix

158 198 348 250 Philippis
369 198 517 237 redemi
539 197 661 237 uitam
682 211 729 236 ex
750 195 896 247 flagitio
916 204 1035 234 tuam.

159 266 235 305 CH.
268 264 364 302 nihil
385 272 443 302 est
464 263 619 302 illorum
640 262 736 313 quin
758 275 831 312 ego
851 261 905 300 illi
926 261 1100 300 dixerim.

159 332 224 369 Νι.
259 331 398 368 ‘stulte
418 328 556 368 fecisse
577 330 710 367 fateor.
769 328 839 366 sed
861 340 1020 377 quaeso,
1044 334 1162 377 pater,

157 409 207 434 ne
229 409 301 441 me,
325 394 364 432 in
386 394 548 433 stultitia
569 393 600 432 si
622 392 782 443 deliqui,
805 394 972 431 deseras.
1508 407 1551 439 40

51 476 136 513 1015
157 473 230 509 ego
249 459 383 498 animo
403 459 550 509 cupido
569 466 689 509 atque
709 458 833 497 oculis
854 457 1057 496 indomitis
1078 457 1132 495 fui
1148 472 1158 504 ;

157 532 424 575 persuasumst
444 526 571 563 facere
592 524 734 574 quoius
756 537 819 562 me
840 536 946 561 nunc
966 522 1058 561 facti
1078 523 1226 573 pudet.'

157 588 253 640 priu'
275 587 346 642 [te]
367 589 519 627 cauisse
539 603 632 639 ergo
653 602 771 639 quam
792 589 942 639 pudere
961 600 1132 637 aequom
1153 587 1234 625 fuit.

158 655 234 694 CH.
268 656 406 693 eadem
427 654 547 693 istaec
565 655 686 693 uerba
706 655 858 693 dudum
880 653 933 691 illi
955 653 1034 691 dixi
1055 652 1198 690 omnia.

158 721 223 757 N1.
259 723 427 770 ‘quaeso
449 727 490 758 ut
511 727 569 758 sat
591 720 737 758 habeas
758 719 810 765 id,
832 726 952 769 pater,
975 718 1084 768 quod
1106 718 1319 767 Chrysalus
1508 730 1550 762 45

51 795 140 821 1020
158 797 220 823 me
240 784 476 835 obiurigauit
496 784 687 834 plurumis
708 784 839 822 uerbis
860 783 982 830 malis,

156 857 195 888 et
215 862 278 888 me
298 849 500 888 meliorem
522 849 613 888 fecit
635 848 852 899 praeceptis
874 848 964 895 suis,

155 922 198 953 ut
217 922 256 953 te
276 914 311 953 ei
332 915 476 954 habere
497 914 659 965 gratiam
673 927 852 964 vaequom
874 913 922 951 sit
939 913 1115 963 bonam!

157 981 234 1019 CH.
267 987 377 1019 estne
397 980 497 1018 istuc
518 979 603 1018 istic
626 979 847 1030 scriptum?
903 979 970 1016 Ni.
1003 992 1065 1016 em
1087 986 1231 1029 specta,
1255 986 1338 1016 tum
1360 978 1469 1017 scies.

158 1046 234 1085 CH.
268 1052 310 1083 ut
329 1045 397 1095 qui
417 1044 583 1095 deliquit
605 1045 770 1095 supplex
790 1052 848 1082 est
868 1045 970 1082 ultro
991 1043 1176 1082 omnibus
1193 1047 1200 1081 Ξ
1510 1053 1553 1084 50

50 1125 134 1162 10²5
157 1113 223 1150 Νι.
260 1115 387 1150 ‘nunc
407 1110 439 1149 si
461 1124 524 1149 me
544 1112 601 1149 fas
623 1117 682 1149 est
704 1123 909 1160 opsecrare
930 1123 999 1160 aps
1021 1117 1069 1156 te,
1092 1116 1211 1159 pater,

155 1177 205 1214 da
227 1175 321 1215 mihi
342 1177 536 1215 ducentos
557 1188 743 1214 nummos
766 1175 980 1226 Philippos,
1004 1182 1042 1213 te
1063 1176 1251 1225 opsecro.'

156 1241 234 1281 CH.
265 1255 316 1280 ne
336 1255 459 1280 unum
481 1241 645 1291 quidem
668 1242 809 1288 hercle,
834 1239 865 1278 si
886 1239 999 1290 sapis.
1061 1241 1099 1278 N
1104 1252 1127 1278 1.
1160 1240 1244 1278 sine
1265 1241 1467 1290 pellegam.

157 1310 166 1326 ‘
179 1319 252 1356 ego
272 1306 331 1344 ius
351 1306 560 1345 iurandum
581 1305 713 1345 uerbis
734 1305 937 1355 conceptis
958 1305 1062 1352 dedi,

155 1373 338 1410 daturum
359 1372 398 1411 id
419 1385 483 1410 me
502 1371 623 1410 hodie
644 1371 795 1410 mulieri
815 1378 907 1409 ante
927 1383 1147 1421 uesperum,
1507 1376 1548 1408 55

49 1451 136 1485 1030
154 1437 251 1487 priu'
271 1450 390 1487 quam
411 1451 434 1476 a
454 1451 517 1476 me
537 1436 672 1475 abiret.
733 1450 849 1483 nunc,
873 1444 995 1486 pater,
1016 1449 1065 1474 ne
1087 1435 1271 1485 peiierem

154 1515 245 1540 cura
265 1511 384 1553 atque
402 1503 559 1541 abduce
580 1516 643 1541 me
665 1502 758 1540 hinc
777 1502 829 1540 ab
850 1503 923 1539 hac
944 1509 1136 1551 quantum
1157 1508 1297 1551 potest,

154 1581 273 1618 quam
293 1576 451 1619 propter
471 1576 625 1606 tantum
647 1567 783 1606 damni
803 1567 877 1605 feci
898 1575 935 1605 et
957 1566 1085 1616 flagiti.

154 1646 251 1671 caue
270 1633 341 1671 tibi
362 1633 522 1672 ducenti
543 1632 698 1671 nummi
719 1632 892 1670 diuidiae
912 1633 1021 1670 fuant
1036 1646 1047 1679 3

155 1706 333 1737 sescenta
352 1706 461 1737 tanta
481 1699 644 1737 reddam
667 1698 698 1736 si
720 1698 814 1736 uiuo
834 1697 914 1736 tibi.
1507 1699 1549 1730 60

47 1775 132 1812 1035
154 1765 242 1803 uale
261 1772 380 1814 atque
400 1765 498 1802 haec
518 1766 634 1802 cura.'
693 1763 789 1813 quid
810 1776 916 1801 nunc
937 1776 1084 1809 censes,
1108 1763 1326 1812 Chrysale?

155 1830 232 1868 CH.
264 1829 361 1868 nihil
381 1843 455 1880 ego
475 1830 546 1869 tibi
568 1830 688 1869 hodie
710 1829 848 1868 consili
870 1828 1082 1878 quicquam
1104 1829 1221 1875 dabo,

153 1907 282 1944 neque
302 1908 374 1946 ego
395 1897 473 1934 hau
494 1896 741 1935 committam
764 1903 816 1941 ut,
841 1894 872 1932 si
893 1893 988 1944 quid
1010 1901 1217 1944 peccatum
1238 1893 1321 1940 siet,

153 1960 290 1999 fecisse
311 1960 418 1999 dicas
440 1963 490 2001 de
511 1975 599 2001 mea
619 1962 822 2001 sententia.

153 2038 302 2073 uerum,
325 2034 367 2065 ut
387 2040 461 2078 ego
481 2027 632 2078 opinor,
655 2028 688 2065 si
707 2041 780 2077 ego
801 2027 840 2065 in
862 2026 961 2065 istoc
981 2026 1054 2065 sim
1075 2027 1175 2072 loco,
1501 2018 1543 2061 65

44 2099 135 2136 1040
153 2092 244 2129 dem
266 2092 396 2142 potius
416 2106 554 2131 aurum
576 2105 695 2142 quam
716 2092 825 2130 illum
846 2092 1042 2141 corrumpi
1064 2091 1202 2129 sinam.

154 2157 257 2195 duae
277 2158 532 2196 condiciones
554 2165 644 2196 sunt
661 2173 667 2196 :
698 2165 824 2195 utram
845 2165 886 2195 tu
907 2157 1076 2206 accipias
1099 2157 1190 2195 uide
1207 2173 1212 2194 :

202 2269 281 2299 1017
307 2265 341 2290 te
358 2260 418 2292 del.
430 2260 613 2293 Acsdalius.
635 2271 716 2290 nam
735 2260 863 2291 cauisse
882 2259 1027 2299 dz'syllab.
1049 2259 1288 2298 viz-ferendum
1402 2268 1485 2289 1020

154 2303 204 2333 vel
218 2304 292 2333 med
309 2304 439 2343 obiurg.
544 2313 625 2342 1033
650 2304 790 2334 diuitiae
807 2303 873 2333 cod.
891 2316 896 2333 z
920 2314 996 2334 corr.
1013 2303 1222 2333 Camrrarz'ns
1334 2303 1416 2340 1038
1441 2303 1483 2332 de

155 2346 241 2387 [me]
261 2357 335 2378 mea
351 2348 416 2386 (vel
431 2348 472 2377 de
490 2358 563 2377 mea
581 2348 648 2387 me)
666 2346 731 2378 cod.
747 2347 804 2385 (iv.
817 2349 851 2386 3*
994 2357 1077 2386 1039
1100 2346 1148 2377 vel
1163 2347 1266 2385 opino
1403 2355 1479 2385 1041

155 2394 190 2421 tu
208 2396 315 2421 utram
331 2390 514 2430 Acidalius,
537 2401 616 2422 nam
635 2390 773 2432 displicet
788 2394 896 2420 utram
