1727 2702
138 126 227 168 11.i
628 128 674 165 T.
709 126 887 166 MACCI
922 126 1125 164 PLAVTI

216 238 297 275 ΑΜ.
330 236 450 275 nimia
472 249 666 275 memoras
688 234 792 273 mira.
839 235 908 273 sed
930 234 1090 273 uidistin
1112 247 1271 273 uxorem
1295 234 1453 272 meam?

215 303 279 341 So.
313 301 407 352 quin
447 301 549 339 intro
588 300 641 338 irc
680 299 718 337 in
753 299 862 338 aedis
897 312 1114 348 numquam
1149 298 1298 337 licitum
1338 306 1406 337 est.
1467 299 1541 336 AL.

1149 363 1235 413 quis
1256 371 1294 401 te
1315 362 1544 413 prohibuit?

158 441 194 474 75
216 434 281 471 So.
313 431 423 471 Sosia
445 431 507 469 ille
529 443 646 481 quem
670 429 745 468 iam
767 430 919 468 dudum
941 428 1045 470 dico,
1066 428 1097 466 is
1118 428 1185 478 qui
1207 442 1270 467 me
1289 427 1481 467 contudit.

215 499 296 534 ΛΜ.
330 497 416 547 quis
445 496 528 535 istic
556 495 667 534 Sosia
694 497 781 534 est?
837 498 902 533 So.
934 508 1021 545 ego,
1046 493 1219 544 inquam.
1277 493 1460 544 quotiens
1489 493 1543 532 di-

1172 559 1344 598 cendum
1365 567 1423 597 est
1444 558 1544 596 tibi?

212 628 293 665 An.
318 627 387 666 sed
404 625 599 677 quiduis?
630 639 724 664 num
739 624 1015 664 obdormiuisti
1032 624 1215 663 dudum?
1257 625 1321 662 So.
1347 636 1540 673 nusquam
1560 627 1631 662 620

1353 687 1538 739 gentium.

214 759 295 795 Am.
320 757 371 795 ibi
395 759 492 796 sorte
513 756 629 795 istum
645 756 675 794 si
698 756 863 795 uidisses
884 757 1083 806 quendam
1107 754 1145 792 in
1167 753 1315 793 somnis
1337 753 1499 792 Sosiam.

214 826 278 860 So.
312 836 390 861 non
413 824 522 861 soleo
542 835 616 872 ego
637 821 903 860 somniculose
924 820 976 859 eri
1001 820 1163 870 imperia
1185 819 1376 870 persequi.

153 892 194 922 80
215 888 378 938 uigilans
400 887 492 934 uidi,
517 887 681 938 uigilans
704 900 809 925 nunc
830 885 909 938 (ut)
929 885 1058 932 uideo,
1084 885 1248 935 uigilans
1270 885 1433 931 fabulor,

214 953 438 1003 uigilantem
462 953 524 992 ille
547 967 610 992 me
631 953 707 991 iam
729 954 881 991 dudum
903 952 1068 1002 uigilans
1090 950 1230 1002 pugnis
1251 949 1441 988 contudit.

213 1020 294 1056 ΛΜ.
327 1018 414 1069 quis
454 1020 605 1057 homo?
661 1020 725 1057 So.
759 1017 881 1064 Sosia,
922 1016 1095 1067 inquam,
1137 1029 1210 1065 ego
1249 1015 1322 1054 ille.
1381 1028 1540 1065 quaeso,
1561 1017 1627 1061 625

1170 1094 1302 1119 nonne
1324 1079 1545 1130 intellegis?

213 1150 294 1187 ΛΜ.
328 1148 406 1198 qui,
431 1150 591 1196 malum,
612 1147 836 1198 intellegere
857 1146 1067 1198 quisquam
1092 1145 1194 1196 potis
1222 1147 1309 1185 est?
1340 1145 1392 1183 ita
1421 1158 1544 1196 nugas

1418 1209 1543 1249 blatis.

213 1280 278 1317 So.
315 1292 451 1317 uerum
490 1285 666 1317 actutum
706 1291 858 1324 nosces,
898 1291 1020 1328 quom
1060 1277 1169 1316 illum
1209 1289 1348 1316 nosces
1387 1289 1542 1315 seruom

1378 1340 1542 1380 Sosiam.

155 1418 194 1457 85
215 1410 296 1446 ΛΜ.
329 1422 491 1458 sequere
513 1409 586 1447 hac
608 1407 722 1458 igitur
744 1422 816 1456 me,
841 1422 931 1447 nam
957 1408 1010 1446 mi
1031 1407 1131 1447 istuc
1160 1408 1328 1458 primum
1351 1405 1545 1457 exquisito

1353 1480 1411 1511 est
1431 1484 1543 1522 opus.

214 1540 283 1577 sed
304 1539 396 1577 uide
416 1553 463 1577 ex
484 1538 573 1576 naui
595 1539 815 1577 ecferantur
835 1552 936 1589 quae
958 1538 1148 1589 imperaui
1170 1538 1246 1578 iam
1268 1537 1411 1577 omnia.

215 1606 278 1643 So.
329 1612 366 1643 et
402 1617 553 1643 memor
591 1618 677 1642 sum
717 1612 755 1643 et
794 1603 971 1655 diligens,
1014 1613 1055 1643 ut
1095 1618 1196 1655 quae
1235 1604 1402 1654 imperes
1441 1615 1545 1640 com·
1561 1601 1634 1646 630

1360 1674 1521 1718 pareant
1536 1681 1546 1714 5

215 1749 294 1773 non
317 1748 390 1785 ego
410 1749 499 1773 cum
523 1734 616 1774 uino
638 1735 768 1774 simitu
792 1736 896 1776 e'bibi
919 1736 1126 1787 imperium
1149 1743 1269 1775 tuom.

216 1802 297 1838 Am.
331 1800 479 1839 utinam
501 1800 540 1840 di
563 1801 683 1840 faxint
705 1802 848 1841 infecta
869 1802 974 1841 dicta
995 1816 1035 1840 re
1055 1801 1240 1840 eueniant
1261 1807 1337 1838 tua.

168 1915 196 1952 ii
382 1917 695 1954 AchmlcNA
808 1919 1155 1955 Ampumnvo
1266 1916 1428 1953 Sosm

218 1998 289 2034 AL.
323 1997 429 2035 Satin
460 2012 579 2048 parua
607 2012 665 2037 res
687 2006 745 2037 est
772 2000 1020 2048 uoluptatum
1049 1997 1088 2035 in
1116 1996 1197 2035 uita
1222 2004 1340 2046 atque
1362 1995 1399 2033 in
1420 2001 1547 2033 aetate

1391 2060 1548 2109 agunda

219 2139 429 2177 praequam
462 2129 570 2178 quod
600 2129 809 2166 molestum
840 2129 928 2167 est?
958 2127 1009 2165 ita
1034 2126 1168 2177 quoiq'
1189 2132 1458 2175 comparatum
1489 2131 1546 2162 est

1110 2191 1146 2229 in
1167 2199 1294 2230 aetate
1315 2189 1520 2228 hominum
1538 2203 1548 2237 ;

262 2299 325 2328 622
351 2298 397 2327 cri
416 2296 525 2339 (mci)
543 2295 755 2327 Lindemann
889 2297 954 2333 623
979 2300 1013 2325 ut
1032 2294 1218 2325 dubitanter
1233 2292 1348 2324 addidi
1364 2294 1439 2332 (seq.
1459 2292 1521 2323 ui·N
1542 2303 1549 2323 t

220 2345 253 2371 te
277 2340 353 2371 add.
381 2341 591 2371 (amcram'us
708 2341 771 2378 627
797 2349 896 2378 quom
920 2339 1075 2378 δρψ-’θεῆς
1101 2348 1200 2377 quam
1218 2336 1283 2368 cod.
1377 2338 1442 2375 629
1467 2338 1544 2375 imp.

222 2385 284 2416 iam
303 2384 406 2416 Bothe
423 2395 429 2414 :
455 2385 517 2414 iam
536 2385 615 2424 imp.
637 2382 724 2414 cod.:
749 2383 806 2414 vix
821 2383 885 2414 iam
904 2383 1020 2422 indup.
1126 2382 1190 2421 632
1216 2385 1267 2411 ret
1287 2381 1381 2422 (lpro
1398 2381 1448 2420 τό)
1467 2379 1531 2410 cod.
