1727 2702
169 130 196 169 1.
221 131 249 168 ii
633 133 680 170 T.
713 132 893 172 MACCI
926 133 1129 172 PLAVTI

217 255 307 281 ossa
325 250 444 293 atque
465 243 576 294 pellis
597 256 683 282 sum
705 243 1185 292 misera—macritudine;
1570 254 1633 292 135

217 320 346 358 neque
367 321 554 358 umquam
577 307 789 358 quicquam
812 322 874 346 me
895 308 1002 347 iuuat
1022 310 1129 359 quod
1151 310 1228 349 edo
1247 310 1356 349 domi
1374 326 1381 349 :

219 372 309 412 foris
328 372 616 422 aliquantillum
637 372 755 411 etiam
777 374 886 424 quod
906 380 1021 423 gusto
1042 373 1081 412 id
1104 374 1203 413 beat.

220 438 299 475 ΗΕ.
334 437 518 487 Ergasile,
541 438 658 476 salue.
720 439 793 476 ER.
825 437 865 476 di
888 445 925 476 te
948 437 1047 476 bene
1067 446 1211 485 ament,
1237 439 1378 490 Hegio.

157 511 200 543 30
221 503 299 540 ΗΕ.
332 515 382 541 ne
397 502 457 541 fle.
509 504 584 541 ER.
616 515 741 552 egone
761 502 869 540 illurn
887 516 966 540 non
988 503 1132 541 fleam?
1161 517 1260 553 egon
1283 518 1362 544 non
1379 506 1546 545 defleam

217 568 334 606 talem
355 568 681 607 adulescentem?
739 569 819 606 ΗΕ.
851 581 1005 617 semper
1025 568 1127 606 sensi
1150 568 1229 607 filio
1572 580 1636 614 140

216 645 307 671 meo
327 640 365 672 te
385 645 470 671 esse
489 632 662 671 amicum
683 640 721 671 et
741 632 851 671 illurn
873 631 1042 670 intellexi
1064 632 1146 670 tibi.

218 698 292 736 ER.
323 704 406 736 tum
427 697 600 747 denique
620 697 802 736 homines
822 705 954 735 nostra
975 697 1234 747 intellegimus
1256 698 1371 746 bona,

215 775 337 813 quom
357 774 459 812 quae
480 762 518 800 in
541 769 733 812 potestate
754 762 964 800 habuimus
985 775 1030 800 ea
1050 762 1263 800 amisimus.

156 842 194 874 35
215 840 299 878 ego,
321 834 531 878 postquam
551 835 692 877 gnatus
712 828 792 865 tuo'
813 826 975 878 potitust
997 826 1180 874 hostium,

215 900 396 943 expertus
415 891 551 942 quanti
573 891 686 931 fuerit
707 904 813 930 nunc
832 891 1024 931 desidero.
1571 902 1635 940 145

217 959 298 996 ΗΕ.
329 957 481 996 alienus
502 970 623 1007 quom
645 956 728 996 eius
749 957 1047 996 incommodum
1070 963 1148 995 tam
1170 970 1283 1007 aegre
1304 959 1415 1006 feras,

215 1021 311 1073 quid
333 1035 396 1060 me
417 1029 566 1072 patrem
587 1034 656 1072 par
676 1023 849 1069 facerest,
872 1021 965 1072 quoi
987 1021 1050 1059 ille
1070 1029 1128 1059 est
1149 1022 1317 1061 unicus?

218 1087 291 1126 ER.
323 1087 504 1126 alienus?
532 1099 606 1136 ego
625 1086 775 1125 alienus
797 1086 880 1125 illi?
907 1088 996 1134 aba,
1019 1087 1161 1137 Hegio,

154 1167 198 1199 40
217 1165 434 1203 numquam
456 1151 555 1191 istuc
576 1151 675 1190 dixis
696 1165 824 1202 neque
844 1151 1020 1190 animum
1042 1151 1197 1191 induxis
1217 1159 1327 1191 tuom
1342 1167 1352 1201 3

215 1217 286 1256 tibi
308 1217 372 1256 ille
393 1217 560 1263 unicust,
584 1216 637 1255 mi
657 1216 775 1255 etiarn
797 1216 916 1255 unico
937 1216 1059 1267 magis
1080 1216 1229 1255 unicus.
1573 1225 1640 1263 150

218 1283 298 1320 ΗΕ.
331 1282 461 1328 laudo,
485 1283 631 1320 malum
652 1295 773 1332 quom
793 1279 910 1320 amici
931 1289 1040 1319 tuom
1062 1281 1174 1320 ducis
1195 1283 1353 1321 malum.

216 1360 321 1386 nunc
342 1347 444 1386 habe
466 1346 616 1385 bonurn
636 1346 824 1384 animum.
886 1347 958 1384 ER.
991 1347 1102 1392 eheu,
1127 1347 1218 1386 huic
1240 1347 1335 1386 illud
1355 1348 1530 1395 dolet‚—-

216 1413 307 1462 quia
328 1425 433 1450 nunc
454 1412 638 1450 remissus
658 1419 717 1450 est
737 1411 882 1450 edendi
903 1411 1103 1450 exercitus.

154 1489 196 1520 45
219 1479 298 1516 ΗΕ.
331 1478 535 1515 nullumne
556 1476 702 1515 interea
722 1478 881 1523 nactu's‚
905 1476 971 1527 qui
994 1484 1125 1528 posset
1146 1477 1215 1516 tibi

216 1542 418 1581 remissurn
441 1555 559 1592 quern
581 1541 676 1581 dixti
698 1541 887 1592 imperare
907 1541 1149 1580 exercitum?
1572 1549 1635 1586 155

217 1608 289 1645 ER.
321 1607 417 1657 quid
438 1607 595 1645 credis?
623 1606 788 1656 fugitant
809 1620 947 1645 ornnes
968 1608 1070 1645 hanc
1092 1606 1346 1656 prouinciam,

213 1671 306 1722 quoi
327 1671 518 1722 optigerat
539 1679 749 1721 postquam
772 1679 925 1721 captust
948 1671 1243 1721 Philopolemus
1264 1679 1362 1709 tuos,

216 1738 295 1775 ΗΕ.
328 1749 408 1775 non
429 1737 494 1787 pol
517 1735 736 1774 mirandum
760 1744 817 1775 est
840 1735 1002 1786 fugitare
1023 1736 1124 1774 hanc
1146 1735 1399 1785 prouinciam.

155 1816 194 1847 50
214 1801 345 1840 multis
365 1809 403 1840 et
425 1800 746 1851 multigeneribus
769 1814 869 1852 opus
890 1808 948 1839 est
969 1800 1038 1839 tibi

215 1866 425 1905 militibus:
457 1866 723 1917 primumdum
747 1879 846 1917 opus
868 1873 925 1905 est
948 1865 1260 1913 Pistorensibu53
1570 1868 1637 1902 160

213 1945 347 1970 eorum
369 1939 458 1969 sunt
478 1931 627 1982 aliquot
649 1940 793 1982 genera
816 1931 1094 1968 Pistorensium
1114 1946 1120 1967 :

213 1997 304 2046 opu'
327 1995 480 2034 Panicis
501 2004 571 2042 est,
595 1997 687 2046 opu'
710 1994 948 2033 Placentinis
969 2008 1128 2044 quoque
1144 2009 1153 2041 ;

213 2062 303 2109 opu'
323 2059 572 2106 Turdetanis,
599 2067 715 2110 opust
739 2059 1062 2097 Ficedulensibus
1080 2073 1089 2105 ;

153 2139 192 2171 55
213 2123 288 2162 iam
312 2123 506 2162 maritumi
529 2137 667 2162 omnes
690 2123 830 2161 milites
846 2126 936 2173 opu'
957 2131 1046 2161 sunt
1069 2123 1148 2161 tibi.

214 2190 286 2227 ER.
320 2197 360 2227 ut
382 2203 498 2239 saepe
519 2202 673 2226 summa
694 2188 847 2238 ingenia
869 2189 906 2225 in
929 2190 1085 2226 occulto
1106 2189 1226 2226 latent
1244 2190 1249 2225 !
1569 2190 1630 2235 165

259 2301 318 2330 135
342 2292 443 2322 miser
460 2290 548 2322 codd.
574 2291 752 2330 Nom'r'136
869 2291 926 2328 148
953 2290 997 2320 illi
1023 2290 1142 2320 Bothe:
1170 2289 1222 2320 ille
1247 2289 1311 2319 cod.
1410 2300 1469 2329 ¹50
1493 2292 1548 2320 vix

212 2336 342 2366 unicust
360 2335 424 2375 (vel
441 2335 587 2372 uncust),
608 2335 689 2364 mihi
852 2342 911 2372 155
936 2333 1021 2363 dixit
1041 2333 1106 2364 cod.
1130 2334 1174 2372 gii.
1196 2334 1231 2372 7)
1384 2342 1441 2371 157
1465 2335 1544 2372 quoi

213 2378 442 2409 Camerurms:
467 2379 557 2417 quod
575 2377 640 2408 cod.
774 2377 833 2406 162
858 2377 1008 2417 paniceis
1025 2376 1089 2408 cod.
1237 2378 1294 2414 163
1319 2376 1374 2406 vix
1389 2385 1475 2416 opus
1493 2382 1544 2408 est

215 2421 454 2454 Ficellensibus
472 2424 483 2461 ζ
503 2421 600 2462 elie-)
