1727 2712
688 87 916 124 CAPTIVI
1400 89 1467 125 IV,
1489 87 1518 125 ii

241 203 434 246 quantum
455 203 513 234 est
534 195 741 234 hominum
761 203 1016 246 optumorum
1038 204 1211 247 optume,
1231 196 1270 235 in
1292 205 1470 248 tempore

1290 262 1468 301 aduenis.

186 328 265 364 ΗΕ.
290 325 546 376 nescioquem
562 327 612 364 ad
629 333 785 376 portum
803 333 940 364 nactus
956 340 997 364 es
1014 326 1081 365 ubi
1096 340 1223 374 cenes,
1240 340 1288 365 eo
1304 327 1465 366 fastidis.

130 392 204 429 ER.
236 392 337 430 cedo
373 405 546 429 manum.
606 393 686 428 HE.
723 393 915 429 manum?
972 393 1045 429 ER.
1084 405 1257 440 manum,
1291 392 1464 442 inquam,

749 457 850 494 cedo
872 464 979 494 tuam
1000 464 1188 496 aetutem.
1249 459 1330 496 HE.
1363 465 1463 497 tene.

130 523 204 560 ER.
236 523 374 572 gaude.
438 524 517 560 HE.
551 521 647 572 quid
677 535 750 572 ego
779 523 1006 572 gaudeam?
1064 524 1138 560 ER.
1176 523 1268 573 quia
1297 537 1370 573 ego
1397 523 1465 561 im-

959 600 1063 637 pero,
1086 601 1158 638 age
1179 588 1307 637 gaude
1328 589 1460 627 modo.

40 655 110 699 840
129 654 208 690 HE.
236 653 301 702 pol
320 666 514 690 maerores
532 652 584 690 mi
605 659 860 690 anteuortunt
880 652 1044 702 gaudiis,
1095 654 1168 690 ER.
1193 652 1274 691 noli
1295 652 1459 691 irascier.
1482 659 1526 691 60

125 716 201 755 iam
224 730 296 767 ego
318 732 364 755 ex
385 731 548 766 corpore
569 717 719 767 exigam
742 717 870 755 omnis
888 719 1061 755 maculas
1082 731 1303 756 maerorum
1326 718 1406 756 tibi.

122 783 251 831 gaude
271 783 467 820 audacter.
530 784 609 820 ΗΕ.
642 783 807 831 gaudeo,
832 781 903 820 etsi
930 782 982 819 nil
1004 782 1086 820 scio
1108 784 1216 832 quod
1237 784 1441 833 gaudeam.

125 847 198 884 ER.
233 847 333 885 bene
365 847 471 885 facis.
548 846 778 885 iube-HE.
824 846 922 897 quid
956 846 1144 885 iubeam?
1213 849 1288 886 ER.
1332 850 1461 898 ignem

1146 913 1345 963 ingentem
1368 914 1460 952 fieri.

124 979 204 1015 HE.
238 977 367 1027 ignem
396 977 627 1028 ingentem?
684 979 758 1015 ER.
791 977 844 1016 ita
867 977 972 1025 dico,
994 991 1158 1027 magnus
1186 986 1228 1016 ut
1258 978 1316 1016 sit.
1377 981 1458 1017 ΗΕ.

1048 1043 1176 1093 quid?
1206 1057 1280 1090 me,
1304 1044 1456 1092 uolturi,

34 1112 99 1157 845
122 1116 216 1146 tuan
236 1122 374 1147 caussa
394 1109 502 1147 aedis
525 1109 777 1147 incensurum
799 1111 968 1147 censes?
1026 1111 1100 1147 ER.
1134 1109 1213 1148 noli
1235 1109 1399 1149 irascier.
1477 1113 1519 1154 65

120 1173 240 1211 iuben
259 1187 310 1211 an
332 1187 412 1212 non
433 1173 545 1213 iubes
564 1174 696 1211 astitui
716 1175 835 1221 aulas,
858 1174 1010 1224 patinas
1031 1173 1120 1221 elui,

120 1238 286 1277 laridum
307 1240 619 1289 atque—epulas
641 1239 764 1278 foueri
786 1239 926 1277 foculis
948 1239 1221 1279 feruentibus?

117 1303 238 1342 alium
260 1304 376 1353 piscis
397 1304 679 1354 praestinatum
701 1304 838 1342 abire?
898 1306 977 1342 ΗΕ.
1002 1304 1066 1342 hic
1087 1305 1252 1354 uigilans
1270 1306 1449 1346 somniat.

119 1369 193 1406 ER.
225 1368 346 1407 alium
367 1369 570 1419 porcinam
591 1376 710 1419 atque
731 1368 915 1419 agninam
937 1376 975 1407 et
996 1371 1124 1418 pullos
1145 1370 1412 1419 gallinaceos?

31 1434 99 1478 850
119 1435 198 1471 ΗΕ.
232 1433 307 1472 scis
339 1434 441 1472 bene
480 1447 576 1480 esse,
608 1433 639 1471 si
679 1433 727 1472 sit
766 1434 882 1472 unde.
953 1434 1027 1472 ER.
1060 1433 1297 1487 pern<ul>am
1332 1444 1450 1486 atque
1473 1447 1514 1481 70

1179 1502 1448 1551 opthalmiam‚

115 1564 316 1612 horaeum,
358 1566 585 1604 scombrum
625 1572 663 1604 et
706 1572 913 1614 trygonum
952 1572 991 1603 et
1035 1573 1167 1604 cetum
1207 1574 1245 1605 et
1290 1569 1451 1605 mollem

1263 1645 1421 1670 caseum
1436 1634 1452 1671 ?

118 1695 198 1733 HE.
232 1695 465 1734 nominandi
487 1696 650 1735 istorum
671 1695 742 1735 tibi
762 1695 833 1735 erit
854 1696 968 1746 magi'
989 1710 1108 1745 quam
1130 1697 1279 1736 edundi
1301 1698 1415 1748 copia

116 1759 180 1798 hic
206 1762 312 1811 apud
341 1761 443 1808 med,
469 1761 652 1811 Ergasile.
714 1763 788 1800 ER.
822 1775 937 1799 mean
966 1775 1029 1800 me
1053 1775 1191 1800 caussa
1212 1763 1288 1801 hoc
1316 1777 1453 1803 censes

1293 1828 1423 1867 dicere
1437 1832 1453 1868 ?

118 1890 198 1927 ΗΕ.
232 1904 305 1929 nec
322 1890 418 1928 nihil
433 1891 552 1930 hodie
570 1905 643 1930 nec
661 1893 785 1930 multo
802 1893 888 1942 plus
906 1900 947 1930 tu
964 1892 1027 1930 hic
1044 1894 1148 1940 edes,
1168 1906 1216 1932 ne
1230 1895 1369 1932 frustra
1385 1894 1447 1933 sis.

29 1954 93 2000 855
115 1954 227 2003 proin
249 1963 289 1992 tu
311 1955 366 1993 tui
387 1956 592 1994 cottidiani
614 1956 706 1994 uicti
728 1965 905 1995 uentrem
927 1958 976 1995 ad
999 1971 1061 1995 me
1081 1959 1244 1996 adferas.
1471 1971 1510 2006 75

115 2020 190 2057 ER.
222 2020 318 2070 quin
349 2021 401 2059 ita
431 2021 582 2068 faciam,
607 2029 648 2059 ut
676 2020 792 2074 <tu>te
822 2022 957 2072 cupias
987 2024 1113 2061 facere
1140 2032 1355 2074 sumptum,
1376 2024 1446 2063 etsi

1206 2103 1278 2139 ego
1300 2097 1444 2129 uotem.

158 2190 221 2227 836
236 2189 316 2227 sort.
337 2188 399 2231 (ad
413 2189 488 2232 me>
505 2191 656 2230 aduenis,
677 2194 713 2220 ut
728 2190 850 2232 integer
858 2193 1135 2232 pentameterfiat
1265 2194 1327 2232 845
1352 2194 1446 2224 aedis

117 2231 274 2262 Gruterus
289 2244 295 2263 :
322 2232 406 2272 [me]
439 2234 534 2264 aedis
562 2234 627 2265 cod.
662 2234 718 2273 (iv.
752 2235 788 2273 2)
930 2237 995 2274 850
1035 2234 1256 2277 pern(ul>am
1292 2237 1424 2277 Geppert
1439 2249 1446 2268 ε

112 2285 251 2314 pernam
269 2276 332 2307 cod.
355 2278 406 2315 (cs.
424 2288 452 2307 v.
473 2278 553 2316 665)
644 2278 826 2316 opthalmia
843 2278 907 2309 cod.
1044 2279 1107 2317 853
1133 2290 1185 2309 me
1202 2279 1267 2311 cod.
1380 2282 1444 2319 855

111 2319 158 2348 tui
177 2323 211 2348 tu
229 2319 318 2350 codd.
334 2319 496 2351 Prisciani
513 2331 537 2355 1,
553 2321 616 2359 258
685 2330 746 2360 pro
764 2321 841 2351 uicti
860 2322 1045 2361 quotidiani
1064 2333 1116 2352 ue.
1137 2323 1179 2352 ad
1197 2334 1250 2353 me
1268 2323 1335 2354 ads.
1353 2324 1446 2357 codd.

110 2360 209 2392 Nomz
226 2363 287 2401 484
422 2365 486 2403 856
511 2364 560 2394 vel
575 2365 623 2394 uti
713 2368 783 2394 tute
800 2364 950 2404 Bentley:
977 2370 1010 2395 te
1027 2375 1077 2396 coo.

155 2415 274 2437 PLAVT.
295 2416 306 2436 1
1322 2410 1361 2441 15
