1727 2712
459 264 983 313 ARGVMENTVM
1037 265 1085 311 II

301 396 523 434 Mercatum
542 404 698 435 asotum
718 395 842 434 filiurn
864 395 1033 435 extrudit
1053 402 1172 446 pater.

298 459 329 498 is
350 474 507 511 peregre
529 461 670 500 missus
690 461 847 500 redimit
867 461 1049 500 ancillam
1071 458 1237 510 hospitis

297 538 431 564 amore
451 539 599 576 captus,
622 525 792 565 advehit.
852 540 951 564 nave
971 525 1087 572 exilit,

297 598 407 639 pater
425 591 593 639 advolat,
617 591 739 630 visam
760 591 943 630 ancillam
965 589 1125 641 deperit.

297 654 408 693 cuius
430 655 477 694 sit
498 663 774 706 percunctatur
790 671 799 704 3
828 669 960 695 servus
981 655 1239 705 pedisequam

297 720 347 758 ab
367 722 619 759 adulescente
642 721 754 759 matri
776 721 949 771 emptam
970 720 1101 770 ipsius.

297 799 427 832 senex,
450 785 523 824 sibi
544 786 799 836 prospiciens,
823 794 865 825 ut
884 786 1013 824 amico
1034 799 1106 824 suo

297 850 445 889 veniret
465 858 602 889 natum
623 852 770 898 orabat,
794 858 908 889 natus
928 858 970 888 ut
991 864 1063 889 suo
1080 866 1086 889 :

297 915 360 954 hic
382 915 504 953 filiurn
525 915 754 954 subdiderat
775 915 902 963 vicini,
926 923 1034 966 pater

296 980 469 1019 vicinum
487 995 496 1028 3
525 989 814 1031 praemercatur
833 981 1015 1019 ancillam
1036 994 1164 1019 senex.

297 1059 384 1084 eam
405 1045 514 1084 domi
535 1046 773 1096 deprensam
795 1046 967 1084 coniunx
987 1040 1088 1084 illius

297 1111 413 1150 vicini
435 1119 608 1150 scortum
630 1111 841 1159 insimulat,
865 1113 1031 1162 protelat
1051 1111 1187 1150 virum.

299 1184 491 1215 mercator
510 1190 647 1226 exspes
669 1177 792 1227 patria
812 1178 943 1227 fugere
964 1176 1145 1223 destinat,

296 1242 526 1292 prohibetur
545 1256 567 1280 a
587 1244 734 1290 sodale,
758 1242 824 1292 qui
845 1250 994 1292 patrem
1016 1241 1118 1280 illius

297 1315 381 1345 orat
401 1321 492 1345 cum
513 1312 609 1347 †suo
631 1311 765 1358 patre†
786 1315 879 1346 nato
899 1315 941 1345 ut
962 1308 1129 1346 cederet.

299 1370 478 1424 [absente
499 1386 590 1411 cum
613 1373 757 1410 lenone
778 1369 959 1425 perfido}

156 1489 167 1508 1
194 1481 326 1508 asotum
347 1477 478 1517 Ritschg
500 1488 555 1507 nec
569 1477 661 1507 aliter
677 1476 744 1507 cod.
765 1485 799 1506 ut
821 1475 884 1506 vid.
905 1476 939 1516 (a
956 1486 992 1506 se
1009 1476 1087 1506 dum
1105 1475 1192 1509 PCD.
1212 1476 1377 1506 adsotium
1392 1475 1439 1515 B)

107 1531 126 1551 2
152 1521 274 1551 missus
290 1521 496 1551 Beroaldus:
520 1521 608 1551 milis
626 1521 690 1551 cod.
717 1522 769 1560 (ex
779 1520 880 1560 gloss.
899 1519 1014 1550 militis
1032 1519 1077 1549 ad
1090 1520 1234 1559 hospitis
1250 1519 1397 1560 adscript.
1413 1521 1442 1560 3)

107 1574 127 1604 3
152 1565 293 1595 aduehit
312 1564 526 1595 Gulielmius:
552 1569 586 1594 ut
604 1565 680 1605 <pro
696 1569 729 1594 at
748 1574 754 1601 ;
782 1564 822 1594 vi.
849 1564 880 1601 1)
899 1562 993 1593 uehit
1007 1563 1071 1593 cod.
1184 1574 1203 1601 4
1227 1561 1442 1605 <vix>visam

106 1619 136 1639 a.
155 1606 243 1638 Leo:
267 1619 298 1641 v.
316 1608 472 1639 ancillam
490 1606 626 1650 (illam)
643 1607 791 1638 Ritsclzl:
817 1607 992 1646 visamque
1010 1617 1082 1637 ane.
1109 1606 1322 1637 Camerarz'us
1336 1618 1342 1638 :
1357 1607 1438 1646 sort.

106 1662 180 1684 ane.
199 1653 306 1683 visam
322 1653 368 1692 (ii.
390 1653 422 1690 1)
557 1662 575 1690 5
602 1652 692 1682 serui
709 1651 742 1681 Β
874 1652 896 1681 6
919 1649 1009 1692 (ait)
1027 1661 1112 1689 emp.
1131 1649 1270 1690 Hylades
1405 1659 1443 1680 10

107 1696 254 1727 uicinum
281 1696 380 1727 Ital.:
414 1696 549 1726 uicinus
571 1695 636 1725 cod.
780 1704 817 1733 13
845 1705 953 1734 expes
981 1693 1188 1724 saracenus:
1230 1703 1353 1733 expers
1376 1692 1442 1725 cod.

110 1749 148 1778 14
173 1739 353 1779 prohibere
369 1739 436 1770 cod.
555 1748 591 1777 15
617 1748 680 1768 suo
699 1749 772 1768 cum
792 1742 887 1777 patre
903 1737 1043 1777 Pylades
1060 1737 1159 1776 :for-t.
1174 1748 1247 1768 curn
1267 1747 1298 1777 p.
1319 1741 1441 1777 suopte

111 1784 150 1812 16
171 1783 238 1815 secl.
259 1782 352 1823 Pius,
372 1782 428 1813 sed
442 1782 512 1813 vide
527 1792 567 1812 ne
574 1782 661 1822 finis
677 1782 884 1822 Argumenti
898 1791 976 1812 casn
997 1782 1176 1812 mutilatus
1191 1781 1234 1811 sit

1460 990 1502 1013 10

1463 1324 1500 1356 15
