1727 2702
93 99 206 136 III.i
608 101 654 138 T.
687 99 866 139 MACCI
900 99 1103 138 PLAVTI

675 296 909 344 ACTVS
962 295 1043 342 111

70 437 175 475 III.i
462 437 764 475 CLEARETA
881 437 1250 472 Pi-[1LAEN1VM

194 536 263 573 CL.
299 536 495 584 Nequeon
516 547 588 583 ego
611 535 674 572 ted
697 533 913 572 interdictis
935 535 1061 571 facere
1083 540 1327 571 mansuetem
1349 532 1476 571 meis?

193 615 242 638 an
265 601 317 638 ita
339 608 378 638 tu
399 614 440 638 es
461 599 633 637 animata
654 607 694 637 ut
716 598 781 648 qui
803 612 939 648 expers
961 597 1092 636 matris
1113 597 1277 647 imperio
1298 597 1402 636 sies?
1541 608 1605 646 505

197 669 268 704 ΡΗ.
303 666 369 704 ubi
391 665 495 715 piem
519 665 720 711 Pietatem,
744 665 775 702 si
797 664 893 702 istoc
915 678 1023 702 more
1046 672 1234 701 moratam
1256 663 1325 701 tibi

195 733 390 782 postulem
413 733 576 781 placere,
601 738 733 776 mater,
758 729 853 767 mihi
875 743 954 779 quo
976 736 1092 779 pacto
1113 728 1334 779 praecipis?

156 812 174 843 5
196 800 266 838 CL.
298 811 348 835 an
380 798 568 836 decorum
603 803 660 835 est
694 795 893 834 aduorsari
929 794 1026 834 meis
1060 802 1098 833 te
1133 794 1378 845 praeceptis?
1446 796 1518 833 Pu.

1318 859 1415 910 quid
1435 861 1523 898 est?

197 930 267 968 CL.
300 927 467 967 hoccine
487 934 545 966 est
567 926 751 977 pietatem
774 927 913 972 colere,
937 925 1069 964 matris
1090 924 1297 975 imperium
1320 925 1523 964 minuere?

198 996 270 1032 ΡΗ.
313 1008 441 1043 neque
481 1006 582 1042 quae
621 1000 724 1030 recte
764 991 911 1030 faciunt
949 993 1068 1041 culpo
1106 1004 1236 1041 neque
1267 1004 1368 1040 quae
1403 990 1524 1029 delin-
1544 1001 1612 1038 510

1275 1063 1400 1106 quont
1419 1069 1521 1094 amo.

197 1126 267 1164 CL.
305 1123 387 1161 sati'
426 1123 605 1162 dicacula
642 1136 683 1160 es
721 1121 894 1160 amatrix.
980 1123 1053 1160 PH.
1096 1129 1231 1169 mater,
1269 1120 1301 1159 is
1339 1128 1525 1171 quaestus

1327 1185 1422 1224 mihi
1443 1193 1525 1225 est:

197 1254 329 1304 lingua
351 1253 486 1303 poscit,
511 1267 652 1303 corpus
673 1253 848 1303 quaerit3
875 1251 1030 1291 animus
1051 1260 1146 1299 orat,
1169 1266 1228 1290 res
1250 1259 1394 1290 monet.

143 1337 180 1358 10
201 1321 270 1360 CL.
303 1334 375 1369 ego
397 1327 434 1357 te
456 1319 561 1357 uolui
584 1318 782 1369 castigare,
807 1326 846 1356 tu
869 1318 964 1356 mihi
985 1317 1201 1356 accusatrix
1220 1319 1324 1356 ades.

201 1387 275 1423 PH.
331 1399 459 1434 neque
498 1385 639 1434 edepol
680 1391 717 1422 te
760 1397 905 1422 accuso
939 1397 1069 1433 neque
1107 1382 1147 1421 id
1189 1396 1251 1420 me
1299 1384 1423 1421 facere
1471 1384 1527 1421 fas

1321 1448 1524 1486 existumo.

200 1529 336 1554 uerum
359 1529 431 1564 ego
453 1528 559 1553 meas
581 1528 723 1565 queror
743 1516 928 1560 fortunas,
951 1527 1073 1564 quom
1094 1513 1163 1551 illo
1181 1513 1299 1563 que'm
1320 1526 1411 1551 amo
1441 1527 1528 1563 pro·
1548 1524 1612 1562 515

1378 1578 1524 1617 hibeor.

202 1647 273 1686 CL.
306 1659 430 1695 ecqua
452 1660 538 1695 pars
559 1644 745 1683 orationis
767 1646 818 1683 de
837 1645 903 1683 die
922 1644 1080 1683 dabitur
1099 1644 1226 1682 mihi?

205 1713 277 1749 ΡΗ.
311 1719 348 1749 et
370 1724 497 1748 meam
519 1718 668 1760 partem
691 1709 880 1759 loquendi
902 1708 939 1747 e't
960 1717 1067 1746 tuam
1089 1710 1202 1747 trado
1222 1708 1292 1746 tibi
1310 1723 1318 1755 ;

147 1789 184 1821 15
203 1777 253 1814 ad
276 1776 520 1825 loquendum
541 1783 659 1825 atque
679 1775 730 1812 ad
752 1775 964 1812 tacendum
987 1781 1069 1811 tute
1090 1774 1235 1811 habeas
1260 1773 1527 1824 portisculum.

204 1840 299 1890 quin
320 1841 385 1890 pol
407 1839 436 1877 si
460 1839 630 1889 reposiui
651 1853 814 1886 remum,
837 1840 920 1877 sola
940 1852 1014 1888 ego
1035 1838 1072 1876 in
1094 1839 1257 1877 casteria

204 1905 270 1943 ubi
292 1905 464 1955 quiesco,
489 1904 617 1943 omnis
640 1903 809 1942 familiae
829 1918 967 1941 caussa
987 1904 1165 1942 consistit
1186 1904 1266 1943 tibi.
1550 1920 1619 1957 5²0

204 1972 274 2010 CL.
307 1970 401 2020 quid
429 1970 485 2008 ais
520 1978 572 2016 tu,
601 1983 720 2019 quam
753 1983 826 2019 ego
859 1982 976 2006 unam
1009 1969 1090 2008 uidi
1123 1969 1325 2008 mulierem
1356 1970 1530 2009 audacis-

1349 2050 1500 2074 sumam
1515 2038 1532 2075 Ρ

205 2101 387 2151 quotiens
409 2109 446 2139 te
468 2100 575 2138 uotui
600 2099 860 2150 Argyrippum
884 2100 1004 2138 silium
1033 2100 1262 2139 Demaeneti

250 2210 309 2239 504
338 2204 546 2230 mansuetam
565 2198 629 2229 cod.
646 2199 697 2238 (ts.
710 2197 842 2237 ml145)
979 2209 1042 2238 505
1068 2200 1183 2231 matris
1199 2211 1323 2239 expers
1339 2200 1405 2231 cod.
1420 2213 1426 2231 ;
1452 2212 1529 2232 corr.

208 2244 418 2273 finum-arius
480 2243 622 2281 imperio
635 2241 762 2271 Luchs:
792 2243 920 2281 imperii
939 2243 1004 2274 cod.
1027 2244 1060 2273 ai.
1075 2246 1112 2282 9⁸)
1129 2255 1135 2273 :
1160 2244 1233 2274 -riis
1250 2243 1381 2274 Brund!
1446 2254 1470 2274 s.
1490 2254 1531 2275 m.

207 2299 234 2318 e.
256 2287 370 2325 imperi
389 2285 514 2317 Schocll
658 2296 723 2325 509
747 2290 822 2316 ante
844 2287 908 2325 508
931 2287 1044 2318 conloc.
1067 2287 1238 2318 Fleckeisen
1328 2287 1440 2317 colore
1465 2286 1529 2318 cod.

210 2332 298 2370 (-ere
316 2330 382 2369 I'E)
472 2331 536 2369 516
560 2340 666 2369 ecqua
683 2330 786 2360 Bmlr:
812 2340 919 2367 ogoua
936 2330 1000 2361 cod.
1018 2330 1064 2365 <G
1080 2335 1138 2369 svm
1155 2331 1191 2364 C.
1213 2331 1242 2360 O
1258 2336 1316 2370 pm
1333 2330 1378 2369 QN
1471 2331 1533 2369 5¹8

209 2375 312 2448 Ἇῗὼρς
338 2372 424 2403 codd.
450 2373 554 2404 Nonii
574 2384 644 2413 151,
672 2373 788 2403 Isidori
809 2373 947 2412 Elymum
980 2384 1025 2411 ¹9·
1055 2386 1085 2409 2,
1116 2384 1150 2413 13
1262 2385 1325 2412 520
1351 2374 1412 2404 cibi
1443 2374 1529 2405 codd.

244 2418 368 2459 0111'1'85
