1727 2702
92 117 160 154 IV.
182 117 211 153 ii
603 119 648 156 T.
683 117 863 156 MACCI
897 118 1100 156 PLAVTI

184 233 289 264 satur
310 227 478 272 homost,
502 225 620 263 habet
642 226 818 275 profecto
839 224 878 262 in
904 232 1039 263 uentre
1060 224 1353 264 confidentiam.

186 292 259 328 ER.
293 300 373 328 tum
397 291 619 341 1)iscatore5‚
643 289 708 340 qui
732 289 921 340 praebent
942 291 1090 340 populo
1111 289 1227 340 piscis
1249 290 1430 338 foetidos,

183 355 249 405 qui
270 357 521 394 aduehuntur
541 354 869 405 quadrupedanti,
893 354 1080 393 crucianti
1101 354 1313 401 cantherio,

125 435 163 466 35
183 434 350 470 quorum
371 422 470 459 odos
492 419 804 458 subbasilicanos
825 418 954 458 omnis
975 419 1095 469 abigit
1116 419 1155 458 in
1176 420 1314 466 forum,
1535 428 1602 472 815

181 485 237 524 eis
257 499 329 536 ego
350 499 417 524 ora
438 485 654 524 uerberabo
674 484 880 535 surpiculis
902 484 1085 534 piscariis,

181 558 222 588 ut
243 550 367 589 sciant
387 550 517 588 alieno
538 563 634 588 naso
655 549 774 599 quam
797 548 1009 588 exhibeant
1030 548 1262 588 molestiam.

182 624 264 654 tum
287 615 377 654 lanii
399 623 542 662 autem,
565 614 632 665 qui
654 614 895 653 concinnant
916 613 1046 653 liberis
1067 614 1181 653 orbas
1201 614 1299 661 ouis,

183 680 248 730 qui
272 682 402 718 locant
421 680 651 719 caedundos
671 693 793 730 agnos
814 687 852 718 et
873 680 994 729 dupla
1013 678 1196 729 agninam
1218 680 1381 725 danunt,

123 762 165 793 40
184 745 249 795 qui
275 745 430 783 Petroni
459 758 605 784 nomen
627 744 769 783 indunt
791 743 947 783 uerueci
969 743 1144 790 sectario‚
1535 752 1604 786 820

183 824 273 849 eum
295 823 367 859 ego
388 810 418 848 si
440 809 479 847 in
498 809 561 848 uia
583 811 792 848 Petronem
815 808 973 859 publica
993 822 1244 859 conspexero,

182 883 220 914 et
242 877 450 914 Petronem
473 882 510 913 et
531 874 738 914 dominum
757 875 920 912 reddam
943 873 1117 913 mortalis
1138 874 1398 913 miserrumos

184 943 263 979 HE.
296 940 470 991 eugepae'
489 943 495 978 Ι
529 939 746 979 edictiones
766 939 966 978 aedilicias
986 939 1214 989 hicquidem
1236 940 1365 986 habet,

182 1006 404 1056 mirumque
424 1007 561 1045 adeost
583 1005 622 1043 ni
644 1007 750 1044 hunc
771 1006 897 1044 fecere
918 1004 991 1043 sibi
1013 1005 1144 1043 Aetoli
1165 1018 1458 1054 agoranomum.

121 1087 162 1118 45
184 1073 257 1109 ER.
290 1085 369 1109 non
391 1084 464 1121 ego
484 1084 590 1109 nunc
609 1070 799 1121 parasitus
821 1083 907 1108 sum
929 1070 1000 1108 sed
1020 1083 1153 1120 regum
1175 1084 1239 1108 rex
1260 1070 1432 1120 regalior,
1534 1074 1600 1119 825

182 1145 311 1175 tantus
333 1136 459 1175 uentri
480 1144 725 1176 commeatus
747 1149 836 1174 meo
856 1136 968 1174 adest
989 1134 1028 1173 in
1050 1143 1164 1185 portu
1185 1134 1307 1173 cibus.

180 1203 247 1240 scd
270 1215 342 1251 ego
363 1215 475 1240 cesso
496 1202 602 1239 hunc
625 1200 851 1250 Hegionem
872 1213 1034 1239 onerare
1055 1199 1201 1239 laetitia
1221 1214 1367 1247 senem,

180 1269 247 1317 qui
268 1266 428 1305 homine
447 1265 606 1318 (homo)
624 1266 802 1316 adaeque
824 1279 942 1304 nemo
963 1264 1061 1304 uiuit
1082 1265 1322 1304 fortunatior.

183 1335 263 1371 HF.
295 1332 395 1382 quae
417 1333 528 1372 illaec
549 1340 606 1370 est
627 1331 771 1370 laetitia
792 1345 910 1381 quarn
933 1331 1010 1369 illic
1031 1332 1155 1370 laetus
1176 1331 1332 1381 largitur
1354 1331 1447 1369 mihi
1465 1334 1481 1370 ?

122 1414 162 1445 50
184 1401 256 1437 ER.
289 1400 386 1437 heus
421 1398 488 1436 ubi
523 1397 646 1436 estis?
683 1396 836 1450 (ecquis
870 1396 934 1436 hic
969 1405 1027 1436 est
1041 1396 1074 1448 Ρ)
1112 1396 1247 1447 ecquis
1283 1398 1358 1436 hoc
1392 1397 1513 1447 aperit
1532 1402 1602 1444 830

1341 1461 1484 1500 ostium
1501 1463 1517 1500 ?

182 1531 261 1568 HE.
295 1529 357 1568 hic
392 1531 513 1568 bomo
544 1530 595 1567 ad
629 1542 768 1568 cenam
804 1527 941 1578 recipit
973 1541 1014 1567 se
1045 1529 1096 1567 ad
1129 1541 1202 1566 me.
1264 1528 1337 1566 ER.
1370 1526 1516 1577 aperite

1120 1593 1237 1631 hasce
1257 1591 1393 1630 ambas
1415 1592 1515 1630 sores

181 1659 276 1710 priu’
297 1673 414 1709 quam
437 1659 629 1709 pultando
649 1657 849 1696 assulatim
872 1657 1020 1697 foribus
1041 1657 1201 1696 exitium
1223 1658 1369 1696 adsero.

236 1726 318 1762 HE.
349 1723 527 1774 perlubet
561 1724 666 1762 hunc
699 1723 902 1761 hominem
933 1723 1131 1773 conloqui.
1193 1721 1375 1772 Ergasile.
1437 1723 1511 1760 ER.

1039 1787 1257 1838 Ergasilum
1279 1786 1344 1836 qui
1367 1789 1515 1825 uocat?

237 1856 316 1892 HE.
349 1854 507 1904 respice.
570 1856 642 1892 ER.
679 1856 852 1893 Fortuna
872 1854 980 1903 quod
1001 1852 1072 1892 tibi
1094 1865 1167 1891 nec
1188 1851 1279 1890 facit
1296 1865 1368 1890 nec
1385 1851 1510 1897 saciet,

1306 1930 1368 1955 me
1389 1916 1510 1955 iubes.

122 2000 163 2031 55
291 1986 359 2025 sed
377 1985 464 2036 quis
479 1987 567 2024 est?
611 1987 689 2023 HE.
723 1984 872 2036 respice
887 1985 938 2023 ad
956 1997 1030 2030 me,
1048 1981 1180 2033 Hegio
1196 1995 1293 2021 sum.
1356 1983 1429 2020 ER.
1460 1982 1511 2020 oh
1532 1983 1597 2027 835

1404 2045 1514 2093 mihi,

223 2151 286 2189 815
310 2150 420 2189 abegit
438 2149 501 2180 cod.
524 2149 650 2189 (forma
669 2148 838 2188 antiqtmy
866 2147 980 2186 adegit
996 2145 1084 2177 mdd.
1101 2144 1265 2176 Pn'sn'am·
1277 2154 1302 2178 1.
1317 2154 1355 2183 31
1447 2144 1513 2184 819

181 2194 282 2233 dupla
301 2193 402 2224 Rost:
430 2193 564 2232 duplam
584 2191 648 2222 cod.
765 2193 827 2229 824
855 2191 1008 2222 fecerunt
1025 2189 1078 2220 PE
1149 2188 1260 2219 Aetoli
1280 2188 1344 2218 sibi
1364 2187 1509 2225 Gur'etus,

179 2239 232 2268 cm'
245 2238 354 2267 hiatus
371 2237 430 2267 sibi
454 2238 458 2276 1
479 2237 555 2266 Act.
576 2235 717 2276 displicet
815 2236 880 2265 828
903 2245 969 2273 quo
987 2233 1060 2265 Ital.
1133 2233 1234 2263 homo
1251 2231 1366 2262 addidi
1431 2231 1509 2271 quin

181 2281 243 2312 hoc
262 2281 398 2311 homine
416 2280 541 2310 Schovll
661 2280 726 2317 830
742 2279 900 2318 supplevi!
912 2277 1016 2308 Bothe
1034 2277 1092 2315 liii.
1117 2277 1169 2310 ιι)
1293 2276 1351 2314 831
1373 2275 1423 2305 vel
1436 2274 1510 2305 med

180 2325 244 2364 332
269 2325 440 2355 assulatim
460 2327 595 2353 lassatur
610 2322 740 2352 Nonius
758 2332 815 2360 72:
845 2321 895 2352 uel
914 2321 1104 2352 absultatim
1122 2319 1173 2351 uel
1191 2319 1377 2350 assultatim
1392 2322 1428 2348 ut
1444 2317 1506 2348 vid.

180 2368 243 2398 cod.
262 2370 271 2394 ι’
283 2373 342 2407 pro
356 2367 408 2397 uel
423 2367 611 2397 adsultatirn
631 2366 683 2396 ucl
701 2365 872 2395 assulatim
888 2366 909 2394 21
932 2373 1015 2395 Qvar.
1030 2364 1110 2400 lcct.)
1178 2362 1311 2393 adsero!
1327 2362 1412 2392 dabo
1421 2360 1509 2392 codd.

182 2412 283 2460 Noeris
297 2453 365 2492 PE)
414 2410 475 2449 83⁴
504 2420 556 2441 me
569 2409 674 2441 Bn'x:
699 2408 796 2450 [hoc]
811 2418 863 2439 me
876 2408 942 2439 cod.
1069 2408 1133 2446 835
1155 2407 1232 2445 quis
1249 2404 1320 2436 Ital.
1338 2417 1343 2435 :
1369 2405 1425 2445 qui
1442 2403 1507 2436 cod.

185 2456 278 2494 (quid
