1727 2712
565 72 941 116 CISTELLARIA
1345 65 1414 105 IV.
1436 63 1466 103 ii

5 206 69 246 705
92 196 172 235 HA.
196 191 283 245 quis
304 206 367 232 me
387 191 578 231 reuocat?
633 191 705 227 LA.
735 187 840 226 bona
860 184 1006 224 femina
1027 190 1065 222 et
1086 183 1201 221 malu’
1224 181 1420 218 masculus

1209 247 1348 284 uolunt
1369 251 1418 283 te.

92 327 172 364 HA.
200 323 325 377 <bona
344 321 491 362 femina
511 327 549 360 et
570 320 686 358 malu'
703 318 900 357 masculus
920 316 1060 354 uolunt
1082 311 1176 365 me.)
1222 318 1422 362 postremo
1440 319 1485 354 40

1359 376 1423 413 ille

91 456 178 506 plus
207 453 275 504 qui
302 459 419 491 uocat
446 450 518 489 scit
544 449 654 500 quod
682 446 776 486 uelit
803 459 922 496 quam
952 458 1024 495 ego
1052 456 1152 494 quae
1181 454 1312 480 uocor.
1372 453 1426 477 re-

1280 511 1424 542 uortor.

92 597 259 635 ecquem
280 580 414 622 uidisti
435 592 622 631 quaerere
643 577 717 624 hic,
739 576 894 617 amabo.
918 574 957 611 in
980 575 1053 611 hac
1074 571 1232 621 regione

93 650 283 689 cistellam
304 661 395 686 cum
416 644 653 697 crepundiis,
676 655 796 693 quam
817 654 890 691 ego
912 639 975 677 hic
995 637 1108 676 amisi
1131 636 1300 674 misera?

9 729 76 766 710
94 729 186 754 nam
207 715 361 754 dudum
382 720 424 751 ut
443 709 735 750 accucurrimus
755 708 807 746 ad
827 704 1178 749 Alcesimarchum,
1202 715 1251 739 ne
1273 714 1314 738 se

94 781 175 820 uita
194 780 453 824 interemeret,
477 785 561 815 tum
584 789 602 809 »κ
627 789 645 809 *
670 789 687 809 *
713 789 731 809 *
754 786 863 811 more
884 770 1085 810 excidisse.
1446 775 1487 806 45

96 849 166 885 LA.
211 846 402 885 cistellam
450 844 547 881 haec
596 840 734 879 mulier
780 836 978 890 (perdidit.
1073 830 1301 884 tace>amus,
1351 843 1426 877 era,

1207 908 1427 947 parumper.

99 979 179 1016 HA.
211 974 371 1027 disperii
386 973 528 1013 misera
545 975 551 1010 ἕ
599 970 697 1021 quid
718 982 791 1020 ego
811 981 900 1007 erae
920 966 1080 1006 dicam?
1110 976 1211 1014 quae
1232 975 1295 1000 me
1312 974 1430 1010 opere

1321 1032 1431 1064 tanto

99 1121 253 1147 seruare
275 1106 395 1153 iussit,
418 1104 485 1155 qui
506 1117 598 1142 suos
619 1100 818 1141 Selenium
840 1106 1021 1150 parentes

15 1182 78 1220 715
98 1172 249 1211 facilius
270 1177 403 1221 posset
424 1181 599 1215 noscere,
615 1180 717 1216 quae
737 1178 825 1204 erae
843 1160 987 1216 [meae]
1005 1158 1208 1211 supposita
1224 1164 1281 1196 est
1298 1168 1429 1206 parua,

99 1251 218 1289 quam
240 1236 436 1287 quaedam
465 1232 645 1272 meretrix
672 1230 707 1270 ei
734 1229 854 1269 dedit.
916 1230 987 1266 LA.
1020 1233 1194 1264 nostram
1222 1224 1320 1261 haec
1350 1234 1431 1258 rem
1452 1231 1492 1264 50

1223 1287 1430 1331 fabulatur,

98 1370 200 1407 hanc
221 1367 319 1406 scire
339 1372 494 1416 oportet
515 1362 593 1401 filia
613 1370 679 1400 tua
700 1360 766 1400 ubi
789 1360 846 1405 sit,
871 1359 980 1410 signa
1000 1365 1042 1396 ut
1064 1355 1170 1395 dicit.

102 1436 183 1472 HA.
215 1445 322 1471 nunc
356 1444 444 1470 eam
474 1430 558 1468 uolt
592 1441 685 1466 suae
725 1425 836 1464 matri
868 1433 905 1463 et
934 1422 1044 1474 patri,
1072 1421 1207 1472 quibu’
1238 1425 1328 1456 nata
1363 1423 1431 1462 est,

1136 1485 1300 1524 reddere
1321 1483 1432 1520 ultro.

103 1563 155 1602 mi
177 1564 313 1610 homo,
333 1572 509 1612 opsecro,
532 1557 626 1597 alias
647 1570 706 1595 res
726 1555 837 1607 geriS,
861 1567 933 1604 ego
954 1553 1025 1592 tibi
1047 1564 1153 1590 meas
1175 1563 1234 1587 res
1256 1548 1414 1586 mando.

19 1640 86 1676 720
104 1631 174 1667 LA.
207 1628 307 1666 istuc
327 1640 414 1676 ago,
435 1632 554 1675 atque
574 1622 662 1661 istic
683 1621 779 1660 mihi
799 1620 910 1658 cibus
932 1626 1000 1665 est,
1024 1617 1132 1667 quod
1154 1615 1337 1659 fabulare,

91 1694 173 1741 *sed
207 1692 308 1731 inter
345 1689 427 1729 rem
465 1688 661 1739 agendam
700 1686 815 1724 istam
849 1697 937 1723 erae
975 1682 1067 1721 huic
1106 1678 1293 1730 respondi
1327 1677 1435 1727 quod
1456 1687 1495 1720 55

1263 1743 1434 1794 rogabat.

105 1837 211 1863 nunc
230 1823 282 1861 ad
302 1830 340 1860 te
361 1821 504 1859 redeo:
535 1818 565 1857 si
587 1817 683 1868 quid
705 1824 762 1855 est
784 1817 884 1866 opu',
908 1814 996 1854 dice
1018 1821 1055 1852 et
1076 1812 1226 1862 impera
1250 1818 1302 1848 tu.

105 1889 201 1939 quid
215 1886 492 1938 quaeritabas?
533 1885 614 1922 ΗΑ.
638 1882 691 1920 mi
708 1883 829 1920 homo
857 1880 860 1932 Ι
887 1888 924 1918 et
942 1893 1028 1918 mea
1046 1877 1194 1922 mulier,
1211 1889 1282 1913 uos
1299 1875 1437 1912 saluto.

108 1956 182 1992 PH.
214 1960 253 1991 et
281 1965 354 1990 nos
388 1958 436 1989 te.
497 1949 567 1988 sed
602 1947 698 1998 quid
732 1945 958 1997 quaeritas?
1018 1945 1098 1982 HA.
1132 1940 1340 1990 uestigium
1376 1938 1440 1976 hic

1272 2003 1439 2053 requiro,

154 2112 217 2151 706
248 2109 362 2140 addidi
490 2108 553 2147 708
576 2104 756 2146 quaerere]
776 2104 895 2136 tollere
918 2103 1013 2134 Valla
1152 2111 1213 2140 710
1238 2097 1443 2129 accurrimus

109 2155 174 2187 cod.
210 2154 244 2194 <fi
259 2153 354 2184 Merc.
370 2162 429 2183 201
451 2151 583 2182 occurri
600 2149 674 2180 PCD
687 2155 751 2189 pro
767 2148 940 2179 occucurri
955 2158 962 2186 3
988 2147 1032 2177 iii.
1047 2146 1080 2184 gl,
1173 2153 1230 2182 711
1260 2142 1361 2172 uitam
1382 2144 1445 2177 (fta

105 2199 151 2238 J>
180 2198 347 2235 (adhaeret
365 2196 475 2227 versui
497 2195 575 2233 710]
599 2193 811 2223 interemerit
834 2191 900 2223 cod.
1045 2189 1248 2219 amissorum
1273 2185 1444 2216 verborum

109 2242 217 2282 spatia
235 2241 338 2272 relicta
355 2243 384 2270 et
394 2239 483 2269 hicet
497 2240 530 2268 in
550 2237 652 2267 celeris
667 2246 800 2266 scaenae
815 2236 942 2266 lacunis
1030 2239 1099 2265 tum
1120 2241 1193 2262 earn
1218 2229 1299 2259 mihi
1322 2228 1446 2267 opinor·

110 2285 177 2316 Leo
277 2294 340 2323 712
362 2282 466 2322 suppl.
487 2281 622 2320 Sejffirt
724 2288 784 2318 713
808 2290 887 2310 erae
907 2278 1062 2309 Guietus:
1088 2286 1127 2306 ea
1145 2284 1223 2305 erae
1241 2272 1304 2304 cod.
1327 2275 1363 2301 ut
1376 2270 1440 2301 ὀἴαξ

112 2330 167 2364 (ea
185 2340 242 2359 era
256 2327 306 2364 3¹,
323 2337 418 2357 meae
432 2336 512 2356 erae
525 2324 584 2365 3³)
603 2323 661 2360 (iv.
683 2323 719 2360 3)
842 2333 903 2362 715
928 2332 1024 2353 meae
1041 2320 1100 2351 dcl.
1120 2318 1208 2352 Ital..
1227 2327 1307 2346 nam
1323 2314 1443 2354 qu(ae)

112 2376 191 2403 erae
216 2370 310 2402 me'ae
328 2369 471 2410 displicet
601 2377 663 2406 722
688 2371 720 2396 et
743 2366 872 2405 impera
892 2371 926 2396 tu
945 2364 1090 2396 Schoell:
1116 2364 1257 2400 impetra
1275 2365 1308 2390 et
1325 2365 1359 2389 tu
1377 2357 1441 2388 cod.

114 2417 209 2457 (2pro
226 2416 382 2454 impetra.
422 2413 491 2443 HA.
514 2417 546 2442 et
561 2413 629 2449 tu):
647 2411 897 2449 impetratumst
915 2408 981 2439 Leo
1072 2418 1131 2446 7:23
1157 2416 1176 2435 0
1194 2406 1237 2434 mi
1256 2405 1285 2434 h.
1306 2401 1444 2440 Langen

1225 2502 1238 2518 Ο
