1727 2702
156 109 232 146 111.
255 109 298 145 vi
669 109 713 145 T.
749 107 927 147 MACCI
961 108 1163 145 PLAVTI

250 221 283 259 ei
309 223 408 259 male
428 221 561 270 aliquo
583 228 709 270 pacto,
734 234 796 258 me
817 224 902 259 esse
923 190 1387 279 dicibtignauissumum.

251 288 336 324 ΜΝ.
370 299 540 336 nequam
577 286 746 332 homost,
779 284 915 323 uerum
932 285 1076 323 *hercle
1104 284 1254 324 amicus
1286 294 1343 324 est
1376 285 1455 324 tibi.
1518 287 1575 324 Pr.

1326 358 1435 389 tanto
1458 350 1579 401 magis

250 416 313 455 dic
335 415 421 466 quis
443 423 525 463 cst5
555 415 726 466 nequam
747 414 918 453 hominis
940 428 1012 465 ego
1033 414 1142 466 parui
1164 416 1297 466 pendo
1317 415 1490 465 gratiam.

190 495 231 524 30
252 483 339 519 ΜΝ.
372 480 490 520 uideo
512 494 591 519 non
613 487 770 531 potesse
790 479 885 530 quin
907 479 977 518 tibi
998 479 1095 518 eiius
1117 493 1263 518 nomen
1284 481 1454 531 eloquar.

252 546 473 593 Pistoclere,
497 544 700 596 perdidisti
723 558 786 584 me
807 545 983 584 sodalem
1005 543 1192 583 funditus.
1599 550 1667 593 560

251 613 306 649 1‘1.
339 610 434 661 quid
464 610 564 649 istuc
593 611 683 649 est?
742 612 828 648 ΜΝ.
861 609 957 660 quid
987 611 1074 648 est?
1113 609 1252 649 misine
1282 624 1355 661 ego
1383 612 1434 649 ad
1465 618 1502 649 te
1532 625 1578 649 ex

1189 676 1349 725 Epheso
1371 675 1578 726 epistulam

247 754 363 791 super
377 741 515 788 amica,
535 749 577 779 ut
594 740 646 779 mi
663 739 890 779 inuenires?
946 741 1004 777 Pr.
1038 740 1162 778 fateor
1177 740 1335 787 factum,
1355 748 1392 778 et
1413 740 1575 791 repperi.
1610 702 1693 763 s

250 807 336 843 ΜΝ.
369 805 495 855 quid?
525 805 594 844 tibi
616 819 696 843 non
718 813 799 843 erat
820 803 1067 842 meretricum
1088 804 1251 842 aliarum
1273 804 1440 843 Athenis
1464 805 1578 855 copia

186 884 228 915 35
247 869 475 920 quibu'cum
498 870 662 908 haberes
683 883 776 915 rem,
800 868 873 907 nisi
894 882 984 906 cum
1006 867 1071 906 illa
1091 869 1209 918 quam
1231 883 1305 919 ego
1327 871 1575 909 mandassem

1493 935 1577 983 um

246 999 446 1050 occiperes
467 1008 549 1039 tute
569 999 692 1052 (eam)
710 1013 842 1038 amare
863 1007 901 1037 et
923 998 974 1037 mi
997 1000 1070 1037 ires
1091 1000 1316 1037 consultum
1339 1001 1470 1039 male?
1599 1009 1662 1053 565

247 1067 304 1103 Pi.
337 1079 462 1103 sanun
491 1067 561 1104 es?
620 1067 706 1104 ΜΝ.
740 1079 821 1104 rem
850 1064 1000 1115 repperi
1022 1078 1183 1103 omnem
1209 1079 1255 1104 ex
1282 1072 1351 1104 tuo
1379 1065 1573 1115 magistro.

1394 1144 1444 1168 ne
1465 1144 1573 1180 nega.

245 1195 447 1244 perdidisti
471 1210 543 1234 me.
597 1198 652 1233 1²1.
684 1195 855 1234 etiamne
876 1197 978 1233 ultro
999 1194 1074 1233 tuis
1097 1208 1159 1233 me
1180 1196 1374 1246 prolectas
1396 1195 1577 1245 probris?

247 1261 334 1298 MN.
366 1260 462 1310 quid
477 1274 586 1298 amas
606 1257 875 1299 Bacchidem?
934 1261 990 1298 P1.
1022 1261 1121 1298 duas
1139 1259 1231 1310 e'rgo
1252 1259 1315 1299 hic
1336 1259 1442 1299 intus
1462 1274 1575 1299 eccas

1343 1321 1573 1365 Bacchides.

181 1403 225 1435 40
249 1391 335 1429 MN.
368 1391 494 1441 quid?
518 1392 759 1430 duae—Pl.
789 1398 907 1441 atque
923 1391 1060 1429 ambas
1076 1404 1238 1430 sorores.
1291 1393 1379 1430 ΜΝ.
1406 1391 1576 1441 loqueris

691 1502 695 1503 ⁷
727 1502 759 1521 Ὗ)
1163 1469 1268 1494 nunc
1290 1469 1412 1506 nugas
1433 1455 1572 1495 sciens.

245 1523 301 1559 P1.
335 1530 544 1571 postremo,
567 1521 597 1578 si
620 1521 754 1580 pergisf‘
768 1535 931 1572 paruom
955 1521 1049 1559 mihi
1072 1522 1191 1560 fidem
1212 1521 1440 1568 arbitrarier,
1595 1532 1664 1568 570

241 1588 375 1626 tollam
397 1601 470 1635 ego
498 1589 563 1626 ted
592 1575 644 1625 in-
662 1571 807 1637 colluim
836 1594 956 1637 atque
986 1586 1088 1625 intro
1117 1586 1209 1625 hinc
1238 1585 1423 1626 auferam.
1485 1588 1571 1625 ΜΝ.

720 1638 739 1650 Χ
1200 1651 1322 1691 immo
1344 1651 1421 1698 ibo,
1445 1665 1571 1690 mane.
1603 1704 1606 1706 Ι

242 1719 298 1756 P1.
333 1731 412 1757 non
432 1731 582 1765 maneo,
603 1731 732 1768 neque
750 1725 791 1756 tu
810 1731 872 1756 me
888 1716 1054 1755 habebis
1070 1718 1168 1755 falso
1184 1724 1423 1767 suspectum.
1485 1717 1571 1754 MN.

1365 1794 1575 1832 sequor.-

1693 1774 1706 1791 θ

730 1871 965 1919 ACTVS
1020 1871 1089 1918 IV

117 1957 221 1995 IV.i
750 1962 1066 1998 PARAsmvs

245 2045 309 2080 ΡΛ.
348 2043 542 2081 Parasitus
564 2057 637 2092 ego
658 2057 744 2081 sum
767 2042 938 2081 hominis
960 2054 1131 2091 nequam
1152 2047 1271 2091 atque
1291 2039 1459 2091 inprobi,

242 2107 364 2145 militi'
387 2107 452 2157 qui
476 2108 643 2146 amicam
667 2121 800 2146 secum
823 2106 951 2145 auexit
973 2120 1018 2144 ex
1043 2108 1173 2145 Samo.

281 2214 432 2253 561-662
457 2212 540 2243 dces!
559 2213 588 2242 A
695 2214 757 2251 563
782 2213 860 2251 quid
879 2210 1064 2251 Angelius:
1094 2210 1149 2250 qui
1168 2208 1231 2241 cod.
1245 2210 1320 2250 (pro
1336 2208 1428 2249 quit;
1451 2219 1514 2249 seq.
1527 2214 1572 2248 t.;

244 2257 259 2288 i.
276 2268 307 2295 4,
329 2268 360 2288 n.
380 2258 414 2294 4)
515 2259 577 2295 565
603 2266 675 2287 cam
693 2255 810 2286 addidi
891 2255 933 2284 mi
953 2253 1097 2284 Rieschl:
1124 2263 1176 2283 mc
1193 2252 1257 2284 cod.
1275 2254 1350 2293 (pro
1361 2253 1424 2283 mci
1439 2253 1448 2283 ἲ
1464 2263 1525 2293 seq.
1545 2252 1570 2292 i)

239 2311 288 2330 mc
302 2304 431 2330 tutatur
445 2299 518 2330 Keil
533 2301 566 2329 in
586 2299 680 2329 Varr.
695 2299 736 2330 R.
750 2299 789 2330 R.
807 2309 835 2337 3,
856 2300 902 2335 16,
921 2308 938 2326 2
1030 2299 1094 2335 569
1119 2297 1202 2327 duas
1219 2295 1358 2336 Pyladcs

238 2345 390 2383 570-650
410 2347 538 2384 praesto
554 2347 599 2374 est
621 2342 649 2374 T
759 2352 823 2381 570
847 2350 963 2381 parum
982 2339 1055 2370 12¹³(ss
1072 2351 1078 2369 2
1105 2350 1242 2380 paruam
1263 2339 1354 2379 T(cf.
1369 2338 1472 2371 Arcln.
1491 2337 1566 2370 Lat.

237 2386 315 2418 Lex.
342 2397 391 2426 13,
407 2389 481 2426 ¹33>
574 2396 637 2426 573
662 2386 734 2426 Ego
751 2396 777 2417 s.
793 2395 824 2426 p.
843 2384 981 2416 Mueller
1049 2393 1124 2422 neq.
1145 2384 1233 2415 hom.
1253 2382 1327 2415 Ital.
1346 2383 1399 2423 (cs.
1421 2383 1499 2423 558)
