1727 2712
703 139 977 178 ASINARIA
1438 144 1507 181 IV.
1525 145 1542 180 i

88 258 154 301 805
176 253 256 290 tuo’
277 264 411 290 seruos
432 259 560 290 seruet
574 251 772 290 Venerine
793 265 858 289 eas
879 253 946 291 det
966 266 1016 292 an
1038 253 1134 293 uiro.
1526 267 1571 300 60

175 316 206 354 si
228 318 325 355 sorte
346 330 441 367 pure
462 318 563 354 uelle
584 316 729 354 habere
750 315 899 364 dixerit,

175 388 232 420 tot
253 388 390 419 noctes
410 382 548 420 reddat
569 395 729 431 spurcas
750 389 846 432 quot
867 396 962 432 pure
983 384 1189 423 habuerit.'

175 447 273 484 haec
294 453 384 484 sunt
404 459 485 484 non
507 460 644 496 nugae,
668 460 748 484 non
770 446 875 485 enirn
898 449 1114 488 mortualia.

177 512 241 549 D1.
274 512 430 561 placent
451 513 629 562 profecto
649 513 764 562 leges.
824 525 988 563 sequere
1009 514 1249 554 intro.—PA.
1280 528 1491 566 sequor.—

482 612 770 649 DIABOLVS
883 614 1200 652 PARAslTvs
1526 619 1555 654 ii

88 703 156 738 810
177 695 242 731 D1.
275 693 447 742 Sequere
468 693 552 730 hac.
611 706 736 742 egone
757 694 856 731 haec
876 693 1000 744 patiar
1018 703 1085 733 aut
1106 698 1288 735 taceam?
1317 696 1440 736 emori

176 772 238 796 me
260 757 393 795 malim
415 771 533 807 quam
555 759 652 796 haec
674 771 753 796 non
775 758 872 797 eiius
894 760 1003 798 uxori
1024 760 1208 800 indicem.

174 823 238 861 ain
259 825 330 861 tu?
359 824 465 873 apud
485 822 653 861 amicam
675 837 818 861 munus
838 826 1126 864 adulescentuli

174 890 345 938 fungare,
368 888 477 926 uxori
498 902 659 927 excuses
680 896 718 927 te
739 897 776 928 et
797 889 905 928 dicas
927 893 1093 930 senem?

174 953 384 1004 praeripias
405 962 577 992 scortum
598 954 746 992 amanti
766 963 886 1005 atque
905 964 1110 1006 argentum
1132 958 1280 997 obicias
1528 976 1546 1007 5

88 1025 153 1069 815
174 1021 316 1057 lenae?
345 1019 518 1070 suppiles
539 1020 640 1057 clam
662 1020 771 1058 domi
792 1034 951 1059 uxorem
975 1029 1079 1060 tuam
1096 1025 1113 1061 ?

174 1086 414 1135 suspendam
436 1084 566 1134 potius
588 1099 651 1123 me
672 1099 790 1135 quam
812 1086 930 1124 tacita
950 1087 1047 1125 haec
1070 1095 1111 1125 tu
1133 1090 1295 1127 auferas.

173 1150 250 1189 iam
272 1150 434 1201 quidem
455 1151 585 1188 hercle
605 1151 657 1188 ad
678 1150 783 1188 illam
805 1151 897 1190 hinc
918 1151 995 1199 ibo,
1019 1166 1138 1203 quam
1160 1162 1201 1192 tu
1224 1154 1467 1205 propediem,

173 1215 246 1254 nisi
268 1217 430 1266 quidem
452 1215 517 1253 illa
536 1223 627 1254 ante
649 1216 871 1266 occupassit
892 1224 940 1264 te,
964 1218 1120 1268 ecfliges
1142 1219 1235 1266 scio,

173 1281 347 1319 luxuriae
367 1288 547 1331 sumptus
569 1281 820 1331 suppeditare
842 1290 883 1320 ut
904 1283 1064 1332 possies.
1531 1302 1568 1324 10

87 1349 156 1383 820
176 1348 242 1384 ΡΑ.
277 1360 349 1395 ego
370 1346 425 1384 sic
446 1345 675 1384 faciundum
697 1359 865 1385 censeo:
896 1361 959 1385 me
980 1349 1201 1387 honestiust

172 1425 292 1462 quam
313 1419 351 1450 te
372 1413 500 1461 palam
523 1412 625 1449 hanc
646 1425 726 1449 rem
749 1413 885 1459 facere,
910 1426 959 1451 ne
980 1413 1044 1451 illa
1064 1414 1272 1453 existumet

171 1477 315 1515 amoris
336 1490 473 1515 caussa
493 1476 684 1527 percitum
706 1478 746 1515 id
767 1477 905 1516 fecisse
925 1486 963 1517 te

173 1542 285 1592 magi'
307 1556 426 1593 quarn
447 1556 517 1581 sua
540 1555 686 1580 caussa.
750 1544 814 1580 D1.
847 1551 885 1581 at
907 1545 972 1593 pol
994 1544 1060 1594 qui
1082 1545 1177 1583 dixti
1199 1545 1352 1585 rectius.

172 1615 214 1646 tu
235 1621 327 1658 ergo
347 1610 407 1646 fac
428 1616 471 1646 ut
492 1608 545 1646 illi
568 1608 711 1654 turbas,
736 1608 811 1646 litis
833 1609 1003 1656 concias,
1529 1626 1564 1658 15

86 1678 151 1723 825
172 1686 263 1711 cum
285 1686 356 1712 suo
377 1672 451 1711 sibi
472 1681 591 1723 gnato
612 1687 731 1711 unam
753 1674 803 1711 ad
824 1673 993 1712 amicam
1014 1676 1065 1713 de
1085 1675 1150 1713 die

170 1745 317 1788 potare,
340 1738 445 1776 illam
467 1738 646 1788 expilare.
708 1740 777 1776 PA.
810 1738 887 1776 iam
908 1738 1031 1791 (iam).
1068 1754 1117 1778 ne
1139 1754 1268 1779 mone.

170 1817 242 1854 ego
263 1803 363 1842 istuc
383 1804 668 1842 curabo—DI.
701 1804 739 1842 at
760 1817 833 1854 ego
854 1812 892 1842 te
913 1805 1092 1855 opperiar
1112 1806 1289 1844 domi.—

213 1908 274 1947 807
302 1917 386 1946 pure
407 1907 570 1948 Scaliger:
605 1918 707 1948 puras
731 1908 794 1940 cod.
827 1909 903 1950 (pro
928 1920 1032 1949 purae
1045 1910 1084 1951 3),
1111 1911 1186 1941 item
1206 1910 1294 1941 codd.
1318 1912 1424 1942 Nonii
1440 1922 1503 1951 394

172 1950 208 1990 (i.
223 1952 258 1990 9)
364 1953 428 1982 810
452 1956 562 1991 egone
580 1953 611 1984 h.
631 1951 711 1995 (ut)
728 1963 760 1992 p.
777 1952 952 1984 Fleckeisen
1063 1955 1126 1993 815
1152 1955 1325 1994 suppelles
1341 1954 1405 1986 cod.
1427 1960 1505 1996 <pro

169 1994 355 2034 suppeiles)
490 1997 554 2025 816
579 1997 783 2035 suspendam
804 1996 907 2027 Bothe
922 2009 928 2027 :
952 1999 1148 2037 suppendas
1164 1999 1233 2029 cod.
1322 2003 1348 2030 t.
1366 2000 1449 2029 haec
1467 2004 1500 2030 tu

175 2037 293 2069 Weise:
320 2044 342 2068 t.
361 2044 396 2068 tu
414 2039 496 2069 haec
514 2039 578 2070 cod.
594 2051 599 2070 :
626 2045 660 2069 tu
678 2041 762 2070 haec
780 2045 806 2070 t.
832 2041 979 2081 Kaempj
1105 2043 1168 2072 818
1193 2052 1338 2081 occupas
1355 2043 1419 2073 site
1436 2042 1502 2074 cod.

170 2082 234 2111 826
258 2083 321 2112 iam
341 2083 403 2112 iam
422 2093 465 2112 ne
488 2093 587 2112 mone
610 2084 725 2123 scripsi
739 2083 875 2123 (Journ.
892 2084 979 2115 Phil.
998 2086 1049 2124 26,
1070 2087 1150 2125 293)
1168 2097 1174 2116 ε
1200 2086 1263 2116 iam
1288 2096 1410 2116 emone
1435 2086 1500 2116 cod.

170 2135 250 2165 exp.
269 2136 380 2157 narra.
433 2127 491 2158 ΡΑ.
518 2138 562 2158 ne
586 2136 687 2158 mone
705 2126 770 2157 Leo
