1727 2712
54 527 96 563 25

0 982 39 1018 19,
53 983 99 1018 30

53 1312 94 1349 35

50 1640 96 1673 40

49 1961 92 1997 45

599 73 975 113 CISTELLARIA
1415 70 1444 109 Ι.
1464 69 1479 108 i

225 202 345 227 nemo
364 187 515 226 alienus
536 186 599 225 hie
620 194 688 226 est.
748 188 838 225 SEL.
871 186 1011 225 merito
1031 194 1166 226 uostro
1185 200 1276 225 amo
1297 199 1380 232 uos,
1472 205 1512 226 20

117 252 211 306 quia
249 267 312 291 me
343 252 481 299 colitis,
511 249 583 304 [et]
614 251 744 301 magni
780 250 914 290 facitis.
989 252 1059 289 LE.
1096 252 1211 290 decet
1249 251 1327 301 pol,
1364 263 1452 288 mea

1236 313 1448 361 Selenium,

224 384 331 422 hunc
351 397 436 422 esse
457 382 636 422 ordinem
658 381 924 421 beniuolentis
945 380 1045 420 inter
1064 394 1106 419 se

332 449 514 498 beneque
534 447 707 487 amicitia
727 447 836 494 utier,

118 513 184 551 ubi
206 513 297 552 istas
318 513 454 552 uideas
475 527 632 552 summo
651 512 793 563 genere
813 520 960 563 gnatas,
985 511 1190 550 summatis
1212 519 1424 557 matronas,

117 586 159 616 ut
188 578 402 617 amicitiam
436 580 573 617 colunt
605 586 724 628 atque
756 586 798 616 ut
831 592 919 618 eam
951 577 1124 616 iunctam
1160 577 1262 616 bene
1300 577 1449 615 habent
1469 592 1509 625 ²5

1275 642 1374 680 inter
1394 655 1445 680 se.

170 708 201 747 si
232 709 339 748 idem
360 709 459 748 istuc
480 723 553 748 nos
574 708 773 756 faciamus,
797 708 828 747 si
850 706 991 762 [idem]
1013 708 1221 754 imitemur,
1245 707 1298 746 ita
1317 715 1448 746 tamen

1194 786 1258 810 uix
1278 785 1450 810 u1u1mus

169 853 261 877 cum
282 838 432 878 inuidia
452 853 617 878 summa.
668 853 826 878 suarum
847 852 970 889 opum
993 852 1066 877 nos
1086 839 1227 877 uolunt
1247 851 1333 876 esse
1353 836 1450 875 indi-

1310 901 1448 952 gentis.

278 978 412 1008 nostra
431 970 546 1020 copia
567 970 620 1008 nil
642 972 782 1009 uolunt
802 983 874 1008 nos
896 977 1053 1019 potesse

277 1035 417 1085 suique
437 1035 617 1074 omnium
638 1049 766 1073 rerum
788 1048 860 1073 nos
881 1034 1068 1084 indigere,

330 1109 373 1139 ut
392 1101 466 1139 sibi
487 1101 609 1139 simus
629 1100 836 1151 supplices.
1469 1115 1509 1146 30

168 1180 235 1206 eas
255 1165 286 1205 si
306 1167 436 1214 adeas,
459 1166 610 1205 abitum
632 1179 751 1216 quam
771 1165 923 1204 aditum
945 1165 1071 1212 malis,
1093 1164 1145 1203 ita
1165 1171 1300 1203 nostro
1319 1162 1448 1203 ordini

276 1233 406 1281 palam
428 1231 696 1277 blandiuntur,
720 1232 833 1277 clam,
857 1230 887 1268 si
909 1230 1066 1269 occasio
1086 1243 1254 1280 usquam
1276 1236 1346 1276 est,

331 1311 475 1347 aquam
496 1297 676 1346 frigidam
696 1297 865 1335 subdole
886 1297 1129 1334 suffundunt.

276 1361 369 1400 uiris
390 1375 481 1400 cum
502 1361 580 1400 suis
601 1361 829 1412 praedicant
850 1374 923 1399 nos
944 1363 1080 1408 solere,

275 1441 364 1465 suas
385 1426 554 1477 paelices
575 1440 660 1465 esse
681 1426 801 1473 aiunt,
825 1434 919 1465 eunt
940 1428 1182 1476 depressum.
1466 1439 1508 1471 35

166 1492 259 1542 quia
279 1506 351 1531 nos
374 1492 577 1530 libertinae
599 1505 746 1538 sumus,
770 1499 807 1529 et
828 1505 901 1541 ego
922 1499 959 1530 et
980 1499 1046 1530 tua
1068 1500 1201 1539 mater,
1224 1491 1366 1531 ambae

168 1557 390 1596 meretrices
411 1557 555 1595 fuimus
574 1572 579 1594 :
611 1557 675 1594 illa
696 1556 745 1603 te',
768 1570 841 1606 ego
862 1558 964 1595 hanc
987 1556 1081 1594 mihi
1104 1556 1272 1596 educaui

167 1636 214 1660 ex
234 1621 409 1672 patribus
431 1621 701 1660 conuenticiis.
762 1635 891 1671 neque
912 1635 985 1672 ego
1007 1623 1108 1660 hanc
1130 1621 1326 1672 superbiai

167 1686 443 1737 caussapepuli
457 1688 508 1725 ad
523 1686 784 1725 meretricium
800 1694 1020 1737 quaestum,
1031 1687 1103 1725 nisi
1113 1694 1155 1725 ut
1169 1701 1218 1725 ne
1227 1686 1443 1726 essurirem.

166 1753 256 1790 SEL.
271 1760 310 1791 at
323 1752 575 1791 satiusfuerat
589 1766 676 1790 eam
690 1752 776 1790 uiro
790 1753 883 1791 dare
897 1760 1064 1802 nuptum
1080 1752 1220 1802 potius.
1257 1754 1326 1790 LE.
1338 1752 1445 1791 heia!
1464 1767 1507 1798 40

165 1818 264 1856 haec
284 1817 446 1868 quidem
468 1825 620 1856 ecastor
641 1817 804 1856 cottidie
825 1817 909 1856 uiro
932 1817 1055 1864 nubit,
1080 1817 1292 1867 nupsitque
1312 1817 1442 1864 hodie,

166 1882 290 1921 nubet
310 1896 401 1921 mox
414 1892 534 1921 noctu
552 1898 558 1921 :
584 1896 803 1932 numquam
817 1896 890 1933 ego
903 1884 1006 1921 hanc
1023 1882 1185 1921 uiduam
1202 1883 1346 1921 cubare
1359 1882 1444 1921 siui.

166 1961 258 1986 nam
279 1947 311 1986 si
331 1949 428 1986 haec
450 1961 530 1986 non
552 1948 685 1995 nubat,
710 1948 863 1998 lugubri
884 1949 987 1986 fame
1008 1947 1154 1999 familia
1175 1956 1316 1998 pereat.

167 2014 241 2052 (ΞΥ.
265 2027 425 2053 necesse
441 2022 499 2052 est
520 2028 600 2064 quo
621 2022 662 2052 tu
684 2027 748 2052 me
769 2015 890 2053 modo
907 2016 1016 2053 uoles
1032 2014 1116 2052 esse
1130 2014 1182 2052 ita
1196 2027 1291 2061 esse,
1312 2022 1443 2053 mater.

156 2127 197 2147 22
221 2122 256 2148 et
283 2118 342 2149 del.
373 2118 487 2159 Speng
468 2119 522 2154 (rel
552 2118 691 2159 Sjo'g7en
723 2117 760 2149 de
782 2122 1022 2159 1)α)1.το[).1).
1058 2129 1115 2156 104
1221 2118 1352 2157 magnis
1377 2118 1442 2150 cod.

115 2162 243 2201 (magni
266 2162 309 2200 J)
442 2173 481 2201 27
509 2162 679 2192 imitamur
706 2161 793 2193 coca:
823 2173 901 2193 σοιν.
933 2162 1143 2192 Carum-'arms
1234 2163 1323 2192 idem
1350 2162 1451 2192 delevi

112 2205 170 2243 (iv.
195 2209 240 2243 35,
262 2216 344 2235 nam
366 2206 514 2236 uiuimus
538 2206 638 2237 ΙηειΙΙ.
670 2208 784 2246 (anap.
811 2207 956 2236 tetram&
983 2205 1122 2246 di'splzcet
1252 2216 1303 2244 29,
1331 2216 1373 2244 30
1398 2206 1443 2236 nil

110 2247 272 2288 Pylades:
298 2250 407 2280 nihilo
419 2249 485 2282 cod.
590 2259 632 2288 33
657 2249 685 2280 si
703 2260 762 2280 eas
778 2249 913 2279 Mueller
1018 2259 1061 2288 39
1084 2249 1134 2279 vel
1147 2250 1202 2279 ted
1300 2260 1343 2288 40
1366 2259 1440 2280 cou-

111 2292 197 2323 ticus
213 2303 289 2323 cum
307 2298 388 2323 uent.
404 2299 562 2333 suprascr.
575 2291 640 2324 cod.
655 2293 692 2333 (u
705 2297 767 2332 pro
784 2293 820 2331 ii)
913 2303 1022 2332 neque
1042 2303 1105 2331 ego
1122 2291 1195 2323 Ital.
1216 2304 1222 2323 :
1250 2303 1314 2332 ego
1333 2303 1443 2332 neque

111 2335 176 2366 cod.
309 2347 346 2374 41
375 2336 489 2376 pepuli
507 2335 667 2376 Spengel:
692 2336 800 2376 repuli
822 2335 885 2367 cod.
1023 2345 1063 2374 45
1088 2336 1225 2366 lucubre
1241 2335 1306 2366 cod.
1329 2337 1368 2378 (C
1382 2341 1444 2376 pro

111 2378 155 2420 G)
174 2383 245 2419 (le
261 2379 400 2419 adverb.)
