1686 2722
672 116 990 155 PRAEFATIO

165 225 438 273 servationem,
473 226 607 276 quoad
638 225 718 264 fieri
748 233 881 276 posset
910 225 1160 264 conciliatam
1190 226 1326 275 esse’3
1359 227 1490 279 itaque

166 294 286 331 ictum
318 304 438 342 quem
468 299 609 330 vocant
641 291 845 329 metricum
881 292 1112 341 plerumque
1147 290 1186 329 in
1222 304 1269 330 ea
1297 294 1484 333 vocabula

165 371 267 408 quae
289 359 455 406 ἔμφασιν
475 356 622 395 habent
644 355 826 403 incidere,
851 364 892 394 ut
917 355 956 393 in
982 357 1089 394 Men.
1120 359 1246 405 1076:

283 425 325 461 tu
345 435 434 461 erus
453 435 507 468 es,
529 429 570 459 tu
591 420 746 460 seruom
767 434 922 471 quaere,
945 424 987 459 tu
1009 422 1171 469 salueto,
1195 425 1237 461 tu
1257 424 1369 473 uale;

165 487 204 526 in
227 487 335 526 Asin.
362 499 460 536 772:

353 553 424 591 abs
454 551 520 591 ted
549 551 727 601 accipiat,
759 551 828 590 tibi
859 550 1052 602 propinet,
1085 554 1127 591 tu
1159 553 1272 592 bibas
1286 555 1308 594 ¹.

166 617 287 657 Porro
315 617 467 656 diversa
490 617 546 655 vis
576 616 855 668 pronominum
881 629 962 654 non
993 617 1120 655 solum
1147 631 1194 656 ex
1221 618 1299 658 ictu
1328 622 1491 660 metrico

164 683 235 722 sed
255 682 374 721 etiam
401 695 448 720 ex
469 682 562 732 ipsis
585 681 718 747 formis
740 682 846 719 haud
873 680 956 720 scio
981 694 1032 719 an
1052 685 1332 733 cognoscenda
1354 687 1414 733 sit,
1438 686 1490 725 ita

165 755 207 786 ut
231 746 332 786 inter
351 748 408 785 mi
423 755 460 786 et
482 749 586 795 mz'lzz',
608 752 698 788 ciet
720 744 761 794 ἔῖ,
784 747 871 785 huic
894 755 933 786 et
957 748 1051 794 luat,
1075 749 1154 786 eius
1175 749 1318 799 (huius,
1341 752 1490 801 quoius)

163 820 202 852 et
221 813 317 852 eiius
338 813 494 864 (lzuis'us,
515 816 679 865 quoiius)
703 815 863 853 easdem
878 813 1006 852 variae
1030 814 1324 864 significationis
1344 816 1491 856 subtili-

164 885 263 917 tates
276 891 379 929 quae
393 887 484 918 sunt
498 881 596 919 inter
612 882 734 919 varias
746 881 786 918 in
802 880 944 929 linguis
965 880 1194 919 Romanicis
1209 883 1488 932 pronominum

164 944 309 982 formas
324 945 478 983 elucere
497 947 703 984 credamus
719 960 729 993 ;
747 946 910 984 fortasse
925 944 1042 983 etiam
1060 945 1159 984 inter
1174 946 1288 985 citius
1303 947 1491 998 loquendi

163 1022 299 1060 genus,
325 1017 443 1060 opust,
473 1019 559 1057 etc.,
589 1020 627 1050 et
659 1011 813 1058 lentius,
839 1019 931 1061 opus
961 1016 1036 1059 est;
1078 1011 1256 1061 quamvis
1286 1013 1489 1052 fatendum

164 1075 213 1114 sit
247 1075 367 1114 medii
398 1076 482 1115 aevi
516 1077 662 1115 scribas
694 1076 889 1116 eiusmodi
926 1090 1054 1115 rerum
1097 1077 1307 1116 maximam
1340 1086 1489 1129 partem

165 1153 323 1191 pessum
344 1141 512 1181 dedisse.
550 1144 554 1148 ”
572 1142 701 1181 Velim
723 1151 853 1180 tamen
877 1155 1033 1180 mecum
1055 1143 1191 1182 credas
1213 1143 1382 1182 Plautini
1405 1143 1489 1182 aevi

164 1207 334 1244 sermoni
378 1206 579 1246 cotidiano
617 1220 749 1246 versus
796 1206 997 1245 Plautinos
1045 1214 1232 1257 tanquam
1280 1208 1489 1259 imaginem

165 1283 357 1309 resonare.

1057 1338 1114 1374 W.
1148 1338 1205 1375 M.
1239 1339 1436 1376 LlNDSAv.

207 1409 342 1441 Dabam
358 1411 391 1441 A
397 1410 573 1453 ndreapolr',

297 1472 415 1494 »remur

165 1570 252 1601 idem
285 1577 447 1602 accentus
476 1576 597 1610 manet,
630 1583 660 1603 v.
674 1583 703 1612 g.
735 1570 807 1611 πρός
835 1583 885 1610 με,
915 1570 988 1611 πρὸς
1018 1570 1123 1609 πόλιν,
1152 1571 1200 1602 sic
1233 1572 1370 1604 Latinae
1399 1574 1493 1615 apud

163 1628 322 1654 accentus
355 1624 515 1663 variatur,
553 1635 582 1654 v.
595 1634 627 1663 g.
661 1624 754 1664 aprici
785 1634 845 1663 me,
880 1623 974 1664 apud
1003 1622 1176 1664 te'mplum.
1230 1623 1349 1664 Neque
1380 1626 1489 1658 solum

165 1674 316 1706 Graecae
333 1685 435 1707 voces
455 1675 629 1707 encliticac
647 1677 707 1707 scd
727 1676 827 1706 etiam
849 1675 991 1706 Latinae
1013 1681 1189 1706 accentum
1208 1677 1363 1717 accipere
1379 1679 1491 1711 solent

164 1728 295 1766 quoties
318 1733 375 1759 aut
400 1737 461 1767 per
484 1738 521 1759 se
546 1728 639 1768 ipsae
661 1727 797 1767 ἔμφασιν
815 1728 941 1758 habent
965 1728 1009 1766 (v.
1023 1738 1053 1767 g.
1077 1738 1143 1758 non
1165 1739 1222 1768 ego
1242 1728 1302 1759 sed
1319 1733 1354 1760 tu
1367 1730 1492 1771 sece'sli)

163 1785 219 1811 aut
236 1784 315 1810 ante
333 1780 432 1811 aliam
449 1790 566 1811 vocem
583 1780 772 1811 encliticam
791 1785 880 1810 stant
901 1781 946 1819 (v.
960 1790 990 1817 g.
1011 1790 1068 1820 ego
1086 1779 1178 1810 illum
1195 1779 1288 1821 vicit).

208 1831 218 1851 ¹
244 1832 355 1863 Etiam
377 1838 446 1863 tum
468 1833 524 1864 ubi
547 1843 613 1863 non
639 1833 748 1872 potuit
773 1832 910 1862 Plautus
934 1832 1035 1862 ictum
1057 1832 1230 1862 metricum
1253 1842 1327 1864 cum
1349 1840 1488 1865 accentu

164 1885 356 1924 conciliare,
381 1886 485 1916 credo
509 1894 626 1916 vocem
651 1895 723 1915 eam
748 1894 834 1923 quae
863 1882 1001 1922 ἔμφασιν
1030 1883 1131 1914 habet
1164 1885 1300 1924 propria
1330 1887 1490 1925 prosodia

164 1938 294 1969 enotari
327 1937 450 1969 solere.
502 1938 548 1969 Ut
577 1938 666 1968 enim
701 1937 733 1967 in
767 1935 855 1967 Men.
886 1937 951 1975 389
979 1936 1045 1975 tibi,
1078 1937 1165 1975 quod
1196 1942 1229 1967 et
1259 1936 1292 1967 in
1321 1939 1490 1968 sententia

164 1996 341 2021 accentum
359 1995 392 2021 et
409 1991 443 2021 in
458 2000 556 2021 versu
576 1991 675 2021 ictum
696 1989 868 2019 metricum
887 1989 996 2027 habet,
1018 1989 1117 2019 etiam
1139 1989 1229 2019 hiatu
1249 1999 1350 2029 quern
1369 1996 1489 2020 vocant

165 2042 342 2082 prosodico
359 2043 595 2082 distinguitur:

685 2095 741 2125 tibi
765 2095 769 2134 Ι
790 2100 823 2126 et
841 2094 987 2134 parasito
1005 2099 1073 2131 tuo,

165 2147 212 2176 sic
231 2147 332 2177 credo
351 2147 382 2176 in
405 2146 490 2177 Rud.
513 2156 578 2185 540
593 2156 725 2177 versum
745 2147 786 2177 ab
811 2152 991 2187 anapaesto
1016 2157 1081 2177 non
1104 2146 1144 2176 ab
1169 2145 1277 2175 iambo
1299 2145 1488 2185 incepisse:

470 2199 528 2229 tibi
550 2197 555 2240 ἱ
575 2199 773 2234 auscultaui,
794 2202 827 2230 tu
849 2199 1066 2239 promittebas
1085 2199 1175 2233 mihi,

164 2256 197 2282 et
216 2251 249 2281 in
267 2250 362 2281 Asin.
381 2251 438 2290 78¹
460 2250 555 2281 deam
573 2250 728 2281 similiter
747 2252 945 2291 disyllabicc
964 2252 1173 2281 enuntiatum
1194 2261 1293 2281 csse:

468 2303 563 2332 deam
585 2301 589 2343 Ι
611 2305 745 2333 inuocet
762 2303 823 2333 sibi
843 2305 938 2342 quain
959 2302 1084 2332 lubebit
1103 2303 1295 2341 propitiam,

468 2354 566 2384 deum
587 2353 725 2385 nullum.

806 2450 853 2488 xii
