1727 2712
616 86 904 125 CVRCVLIO
1392 81 1422 118 I.
1443 78 1490 115 iii

99 202 165 238 PL.
197 198 371 246 irascere,
395 197 426 237 si
448 205 486 237 te
506 199 691 237 edentem
712 196 776 236 hic
795 210 819 235 a
838 196 930 235 cibo
949 196 1092 246 abigat.
1153 197 1221 233 ΡΑ.
1244 192 1348 231 ilicet
1366 194 1372 229 l

96 264 239 315 pariter
257 265 330 302 hos
346 263 470 314 perire
490 264 664 301 amando
684 262 814 310 uideo,
837 269 1001 312 uterque
1021 260 1232 300 insaniunt.
1450 270 1490 301 30

98 330 218 368 uiden
239 337 281 367 ut
302 329 441 368 misere
462 328 709 367 moliuntur?
737 335 941 378 nequeunt
960 325 1171 377 complecti
1191 324 1294 364 satis.

99 394 217 433 etiam
230 393 519 444 dispertimini?
560 395 625 431 PL.
651 392 746 431 nulli
762 400 821 431 est
837 392 989 430 homini
1003 399 1235 442 perpetuom
1250 390 1401 428 bonurn
1421 402 1429 426 :

18 474 85 510 190
99 459 177 497 iam
206 458 298 497 huic
327 458 521 509 uoluptati
541 460 618 496 hoc
637 457 907 496 adiunctumst
934 456 1082 495 odium.
1143 457 1212 493 ΡΑ.
1245 453 1340 504 quid
1359 452 1427 499 ais,

1159 518 1398 571 propudium
1414 519 1431 556 ?

98 598 170 629 tun
189 590 306 629 etiam
328 602 418 628 cum
440 588 637 627 noctuinis
658 588 783 627 oculis
806 587 963 626 ‘odium
981 589 988 604 ’
1009 601 1072 625 me
1093 586 1243 624 uocas?

99 655 247 694 ebriola
266 656 446 705 persolla,
469 667 605 704 nugae.
658 655 732 691 PH.
756 660 826 691 tun
844 666 973 691 meam
990 652 1187 690 Ve'merem
1201 650 1399 699 uituperas
1415 650 1432 686 ?
1453 659 1492 691 35

101 721 209 771 quod
230 719 392 770 quidem
414 719 510 757 mihi
532 720 729 770 polluctus
750 718 867 768 uirgis
889 730 1024 757 seruos
1045 729 1268 755 sermonem
1289 715 1419 752 serat?

101 794 140 824 at
159 799 210 824 ne
230 794 271 823 tu
292 786 422 823 hercle
442 799 533 823 cum
554 785 728 823 cruciatu
749 797 894 834 magno
913 782 1043 821 dixisti
1064 782 1104 820 id
1125 790 1206 820 tuo.

20 868 82 906 195
102 865 164 890 ern
186 850 257 889 tibi
277 852 379 889 male
399 850 514 889 dictis
534 864 605 901 pro
626 850 719 896 istis,
742 849 857 887 dictis
878 847 1072 886 moderari
1093 855 1135 885 ut
1156 859 1287 897 queas.

103 918 170 955 ΡΑ.
215 924 322 954 tuam
362 916 492 962 fidem,
530 917 658 954 Venu'
697 913 939 964 noctuuigila
956 917 962 951 l
1017 915 1091 951 PH.
1128 911 1264 963 pergin
1303 911 1432 957 etiam,

1239 977 1405 1016 uerbero
1419 977 1436 1014 ?

105 1048 171 1085 PL.
203 1046 295 1094 noli,
319 1047 473 1094 amabo,
496 1047 702 1086 uerberare
722 1045 908 1096 lapidem,
929 1058 979 1083 ne
1000 1044 1141 1095 perdas
1161 1055 1335 1081 manum.
1455 1054 1498 1085 40

106 1112 374 1163 PA.fiagitium
388 1113 657 1163 probrumque
672 1124 871 1161 magnum,
884 1110 1146 1155 Phaedrome,
1157 1106 1436 1158 expergefacis:

105 1178 208 1216 bene
228 1186 513 1217 monstrantem
534 1177 675 1228 pugnis
701 1176 846 1223 caedis,
869 1177 971 1213 hanc
993 1188 1112 1221 amas,
1136 1187 1259 1224 nugas
1280 1185 1416 1211 meras.

20 1257 88 1282 200
105 1243 271 1281 hoccine
292 1242 387 1290 fieri,
407 1250 449 1280 ut
470 1242 702 1280 inmodestis
723 1241 788 1279 hic
808 1249 845 1278 te
868 1241 1049 1278 moderes
1071 1239 1277 1277 moribus?

107 1309 180 1345 PH.
213 1321 307 1346 auro
336 1315 472 1345 contra
502 1308 604 1345 cedo
631 1308 855 1345 modestum
885 1313 1128 1343 amatorem:
1158 1318 1181 1342 a
1208 1318 1271 1343 me
1300 1317 1437 1343 aurum

1291 1370 1436 1420 accipe.

109 1440 176 1477 ΡΑ.
214 1440 314 1477 cedo
336 1438 431 1476 mihi
452 1446 590 1477 contra
607 1438 831 1476 aurichalco
852 1439 947 1488 quoi
967 1451 1040 1488 ego
1062 1450 1159 1475 sano
1181 1436 1359 1475 seruiam.
1457 1445 1498 1476 45

109 1506 176 1541 PL.
208 1505 310 1542 bene
345 1506 442 1550 uale,
476 1505 590 1542 ocule
620 1503 685 1550 mi,
721 1516 812 1541 narn
843 1502 1016 1541 sonitum
1048 1510 1086 1540 et
1117 1501 1309 1552 crepitum
1340 1502 1440 1539 clau-

1121 1575 1287 1606 strorum
1309 1566 1438 1613 audio,

109 1635 353 1674 aeditumum
379 1635 383 1686 Ι
410 1634 559 1685 aperire
585 1635 731 1672 fanum.
785 1646 866 1684 quo
895 1646 1032 1684 usque,
1064 1646 1224 1683 quaeso,
1255 1634 1305 1671 ad
1335 1634 1442 1670 hunc

1277 1699 1441 1736 modum

27 1779 91 1815 205
111 1766 210 1804 inter
229 1779 302 1804 nos
321 1779 456 1804 amore
476 1774 631 1803 utemur
651 1777 806 1815 semper
825 1764 1090 1815 surrupticio?

113 1833 185 1869 ΡΗ.
219 1831 392 1878 minime,
415 1844 506 1868 nam
528 1830 739 1880 parasitum
761 1829 847 1867 misi
869 1829 1178 1879 nudiusquartus
1200 1829 1356 1868 Cariam

111 1906 242 1947 petere
275 1903 489 1946 argentum,
528 1896 558 1932 is
593 1894 712 1933 hodie
745 1894 809 1933 hie
842 1895 976 1933 aderit.
1042 1897 1110 1933 PL.
1153 1894 1318 1932 nimium
1354 1908 1444 1933 con·
1466 1906 1504 1938 50

1221 1961 1340 1998 sultas
1362 1959 1441 1998 diu.

160 2068 221 2106 189
244 2066 365 2097 -timini
383 2066 416 2095 ιή
434 2066 523 2095 tertio
533 2065 613 2106 pede
624 2066 863 2107 vixferendum
945 2070 1072 2100 nullum
1091 2068 1156 2100 Leo
1247 2066 1375 2097 homini
1393 2070 1445 2095 est

116 2110 228 2150 (mist)
244 2109 368 2150 Ussing
480 2120 539 2148 192
563 2110 720 2141 ebriola’s
739 2110 835 2142 Goetz
851 2123 857 2142 :
882 2114 936 2143 cui
950 2114 1075 2144 ebriola
1088 2113 1230 2153 displicet
1308 2109 1444 2150 persole

114 2154 150 2191 (i.
165 2165 187 2184 e.
204 2153 389 2193 persollae)
407 2152 487 2183 pm>
624 2164 684 2193 193
708 2154 818 2193 Quem
831 2155 1019 2187 Lambinus
1107 2156 1218 2195 Quid?
1245 2155 1346 2185 istum
1364 2152 1443 2184 mihi

115 2196 211 2228 Goetz
344 2198 406 2237 198
430 2208 585 2236 magnum
603 2198 764 2236 flagitium
782 2200 1007 2240 probrumque
1025 2201 1075 2231 PE
1191 2210 1256 2230 200
1281 2198 1350 2239 hic]
1359 2198 1441 2237 sort.

113 2241 160 2271 sic
231 2243 419 2272 modereris
429 2241 493 2273 cod.
576 2242 663 2273 haud
688 2243 873 2274 modereris
885 2243 1024 2284 Langen
1037 2256 1043 2275 ε
1062 2250 1095 2275 te
1107 2244 1159 2274 hic
1171 2254 1212 2275 m.
1232 2242 1443 2274 Camerarius

111 2294 175 2324 204
198 2286 450 2317 aeditumumne
467 2285 622 2316 Bosscher
709 2283 819 2329 (iam)
840 2297 892 2326 ap.
915 2288 1047 2319 sanum!
1083 2286 1218 2327 Seyffim
1235 2285 1336 2317 (Berl.
1356 2283 1441 2315 Phil.

115 2326 222 2360 Woch.
241 2329 333 2368 1896,
353 2340 384 2369 p.
399 2329 476 2369 846)
613 2337 676 2368 205
701 2328 826 2360 utimur
839 2331 904 2361 cod.
924 2336 995 2371 (pro
1010 2332 1165 2362 utemur?
1184 2330 1202 2360 i.
1221 2331 1254 2371 3>
