1727 2702
153 94 207 133 11.
227 94 257 131 ii
645 93 693 131 T.
726 93 906 133 MACCI
939 93 1141 131 PLAVTI

152 218 209 251 1¹5
228 205 311 242 ΛΜ.
343 216 393 242 an
420 203 539 242 etiam
567 202 608 242 id
635 210 676 241 tu
703 202 809 241 scis?
864 204 937 240 AL.
968 202 1105 253 quipp‘
1122 202 1190 252 qui
1216 216 1263 241 ex
1289 210 1327 242 te
1345 202 1494 251 audiui,
1514 210 1558 242 ut
1576 215 1643 253 745

1174 269 1311 307 urbem
1332 282 1557 307 maxumam

229 333 535 384 expugnauisses
556 346 767 383 regemque
789 334 981 371 Pterelam
1003 340 1086 371 tute
1104 332 1306 372 occideris.

229 401 312 438 AM.
345 413 471 450 egone
505 398 606 437 istuc
639 397 750 437 dixi?
806 399 878 436 AL.
911 405 994 436 tute
1023 396 1124 445 istic,
1153 396 1271 436 etiam
1300 405 1454 437 astante
1483 398 1560 437 hoc

1437 462 1559 502 Sosia.

230 531 313 567 ΑΜ.
344 528 559 567 audiuistin
594 535 635 566 tu
671 541 734 567 me
769 540 922 566 narrare
952 528 1050 566 haec
1084 526 1234 566 hodie?
1289 528 1355 567 So.
1388 527 1455 566 ubi
1489 541 1563 578 ego

1313 592 1532 632 audiuerim
1547 594 1564 631 ?

233 661 313 697 AM.
348 660 450 697 hane
485 671 587 708 roga.
657 659 722 696 So.
757 656 983 707 mequidem
1018 664 1223 708 praesente
1262 670 1478 707 numquam
1513 658 1563 695 sa-

1120 729 1275 769 ctumst‚
1298 723 1406 772 quod
1427 721 1559 760 sciam.

154 800 216 823 120
233 789 306 826 AL.
339 787 480 826 mirum
501 787 596 837 quin
618 795 656 826 te
675 788 868 826 aduorsus
888 786 1004 826 dicat.
1054 788 1137 825 AM.
1169 786 1292 833 Sosia,
1307 800 1380 837 age
1400 799 1463 825 me
1483 787 1561 825 huc
1581 799 1651 836 750

436 891 440 896 .
1417 851 1559 902 aspice.

232 920 297 957 So.
330 926 476 968 specto.
537 919 619 956 ΑΜ.
652 931 744 955 uera
764 916 858 955 uolo
878 916 986 967 loqui
1006 924 1054 964 te,
1078 918 1173 955 nolo
1192 916 1387 956 adsentari
1409 915 1515 954 mihi.

231 983 444 1022 audiuistin
467 991 508 1021 tu
530 982 649 1021 hodie
671 996 733 1020 me
754 982 807 1020 illi
829 982 959 1021 dicere
979 995 1026 1021 ea
1046 995 1147 1032 quae
1168 981 1233 1020 illa
1251 983 1458 1020 autumat?

232 1050 298 1087 So.
330 1061 478 1098 quaeso
504 1048 659 1098 edepol,
683 1060 779 1085 num
807 1054 848 1085 tu
869 1060 1030 1097 quoque
1049 1045 1169 1085 etiarn
1198 1045 1356 1094 insanis,
1377 1059 1499 1096 quom
1524 1045 1564 1084 id

1256 1125 1319 1150 me
1340 1110 1563 1162 interrogas,

234 1177 302 1229 qui
336 1177 443 1228 ipsus
476 1177 663 1228 equidem
698 1191 804 1216 nunc
838 1177 1008 1228 primum
1042 1176 1167 1216 istanc
1201 1184 1332 1216 tecum
1362 1175 1565 1227 conspicio

1421 1241 1566 1280 simul?

157 1323 218 1355 1²5
236 1310 319 1347 AM.
355 1308 453 1358 quid
482 1322 598 1355 nune,
632 1308 800 1347 mulier?
832 1308 954 1348 audin
983 1307 1124 1346 illum?
1178 1309 1252 1346 AL.
1284 1321 1357 1358 ego
1386 1321 1491 1354 uero,
1519 1319 1565 1344 ac
1586 1318 1650 1356 755

1263 1374 1401 1411 falsum
1423 1371 1563 1411 dicere.

236 1441 317 1478 ΑΜ.
351 1453 480 1490 neque
501 1446 542 1478 tu
572 1438 626 1477 illi
654 1452 783 1490 neque
811 1438 906 1477 mihi
935 1438 1019 1477 uiro
1045 1437 1118 1489 ipsi
1139 1437 1296 1477 credis?
1351 1439 1423 1476 AL.
1456 1451 1504 1475 eo
1524 1437 1566 1474 fit

1359 1502 1450 1553 quia
1471 1501 1565 1540 mihi

235 1570 461 1619 plurumum
482 1570 602 1608 credo
623 1576 662 1607 et
681 1568 763 1608 scio
786 1568 905 1607 istaec
927 1569 1028 1607 facta
1048 1568 1214 1619 proinde
1235 1576 1277 1606 ut
1298 1569 1519 1619 proloquor.

236 1636 318 1672 AM.
351 1642 420 1672 tun
443 1648 506 1673 me
527 1633 608 1672 heri
628 1633 839 1673 aduenisse
854 1633 983 1672 dicis?
1030 1635 1103 1672 AL.
1136 1641 1205 1671 tun
1227 1641 1265 1672 te
1285 1632 1428 1672 abiisse
1448 1631 1568 1671 hodie

1307 1698 1399 1737 hinc
1420 1700 1568 1749 negas?

237 1766 319 1802 ΛΜ.
352 1778 453 1814 nego
479 1764 584 1803 enim
613 1778 718 1812 uero,
741 1772 779 1803 et
807 1778 870 1804 me
895 1764 1084 1804 aduenire
1105 1777 1210 1803 nunc
1237 1763 1405 1815 primum
1432 1763 1496 1803 aio
1515 1765 1565 1803 ad

1330 1837 1367 1868 te
1387 1830 1562 1868 domum.

159 1909 219 1940 130
238 1895 310 1932 Ax„
343 1907 517 1944 opsecr0‚
541 1894 712 1934 etiamne
733 1896 810 1934 hoc
830 1894 1003 1945 negabis,
1026 1901 1064 1933 te
1083 1907 1240 1933 auream
1262 1902 1434 1944 pateram
1457 1893 1552 1932 mihi
1585 1897 1656 1941 760
1681 1878 1684 1890 ¹

238 1959 394 1998 dedisse
415 1961 523 1999 dono
544 1960 675 2008 hodie,
698 1973 776 2011 qua
797 1968 834 1999 te
855 1960 907 1999 illi
929 1961 1121 1999 donatum
1142 1973 1228 1999 esse
1247 1959 1428 1999 dixeras?

239 2027 320 2063 ΛΜ.
354 2038 482 2075 neque
503 2027 646 2076 edepol
667 2025 759 2065 dedi
782 2039 911 2076 neque
931 2025 1010 2064 dixi
1026 2040 1035 2073 3
1065 2039 1200 2064 uerum
1227 2025 1279 2064 ita
1298 2025 1494 2064 animatus
1514 2023 1568 2063 fui

239 2089 370 2140 itaque
391 2104 496 2129 nunc
517 2104 603 2129 sum
626 2099 668 2129 ut
689 2104 735 2129 ea
755 2099 793 2129 te
814 2098 946 2141 patera
966 2092 1125 2130 donem.
1148 2091 1218 2129 sed
1239 2090 1326 2141 quis
1348 2090 1446 2129 istuc
1468 2089 1538 2129 tibi

239 2154 364 2193 dixit?
413 2157 483 2193 AL.
517 2169 590 2206 ego
610 2155 796 2206 equidem
813 2170 859 2194 ex
881 2163 918 2194 te
938 2155 1071 2195 audiui
1088 2162 1126 2194 et
1146 2169 1193 2194 ex
1214 2163 1279 2194 tua
1294 2155 1427 2205 accepi
1451 2169 1569 2194 manu

1657 1432 1661 1451 A

285 2267 347 2297 755
372 2259 426 2298 qui
455 2269 545 2289 nunc
571 2258 634 2289 cod.
663 2258 714 2298 (cs.
740 2259 797 2298 qui
819 2268 908 2290 nunc
925 2263 988 2298 pm
1013 2258 1094 2297 quid
1119 2268 1207 2290 nunc
1232 2257 1328 2298 Epid.
1353 2268 1427 2298 517,
1448 2256 1565 2289 Pseud.

246 2310 303 2340 ¹55
319 2313 325 2339 ;
350 2312 387 2331 cx
401 2302 577 2341 quinnunc
596 2306 631 2332 u!
647 2302 729 2341 vid.)
830 2303 894 2342 756
915 2302 965 2333 vel
980 2301 1046 2333 illle
1147 2302 1205 2341 761
1233 2302 1369 2334 dedisse
1385 2306 1569 2343 suspectum

243 2346 304 2383 764
331 2345 485 2384 equidem
504 2356 568 2384 ego
586 2345 757 2377 Fleckeisen
