1727 2712
630 103 921 144 CVRCVLIO
1389 101 1433 138 V.
1456 101 1502 138 iii

25 227 88 264 705
110 217 189 254 ΤΗ.
220 216 382 265 quodne
420 213 628 265 promisti?
703 214 774 253 CA.
812 213 879 263 qui
918 211 1110 263 promisi?
1184 213 1258 249 ΡΗ.
1295 210 1437 260 lingua.

929 278 1001 317 CA.
1037 277 1177 315 eadem
1199 289 1305 314 nunc
1325 288 1438 325 nego.

110 345 279 392 dicendi,
303 359 384 384 non
405 358 487 384 rem
507 343 700 396 perdendi
720 342 841 394 gratia
861 343 959 381 haec
980 349 1072 380 nata
1092 348 1151 380 est
1171 341 1278 379 mihi.

112 414 186 449 ΡΗ.
209 410 306 449 nihil
321 410 411 461 agit,
426 411 573 449 collum
589 408 788 460 opstringe
804 407 966 446 homini.
1018 408 1090 446 CA.
1114 406 1192 444 iam
1208 405 1284 444 iam
1302 404 1442 443 faciam

1212 478 1254 508 ut
1274 470 1441 508 iusseris.

112 543 190 579 ΤΗ.
223 542 384 591 quando
405 540 463 579 uir
490 541 620 579 bonus
646 553 698 586 es,
721 539 919 590 responde
945 538 1055 588 quod
1081 550 1188 587 rogo.
1248 537 1319 575 CA.
1352 549 1444 585 roga
1464 548 1507 579 30

1193 602 1302 652 quod
1321 601 1442 639 lubet.

111 673 189 710 ΤΗ.
222 670 439 722 ρτοῐῐιὶεῖὶη,
463 671 494 709 si
515 670 665 709 liberali
684 670 895 720 quisquam
915 669 1018 706 hanc
1037 669 1233 706 adsereret
1253 680 1384 712 manu,

27 750 96 786 710
113 745 150 775 te
166 750 285 775 omne
300 745 505 787 argentum
522 736 767 775 redditurum
780 737 798 773 ?
838 735 909 774 CA.
935 747 1014 772 non
1030 731 1286 771 commemini
1302 731 1443 770 dicere.

113 804 191 839 TH.
215 802 342 851 quid?
371 803 519 851 negas?
577 802 649 840 CA.
673 813 775 850 nego
795 800 926 837 hercle
946 811 1053 836 uero.
1112 810 1193 847 quo
1213 798 1448 847 praesente?

1168 862 1249 912 quo
1269 861 1309 900 in
1330 863 1448 900 loco?

113 934 192 970 ΤΗ.
216 946 280 971 me
300 932 387 983 ipso
408 939 614 982 praesente
635 939 673 969 et
690 932 852 980 Lycone
872 929 1066 980 tarpezita.
1119 929 1192 967 CA.
1216 941 1297 965 non
1313 929 1449 966 taces?

113 999 192 1035 ΤΗ.
216 1011 296 1036 non
317 1006 441 1036 taceo.
492 998 565 1036 CA.
590 1010 670 1035 non
692 1009 765 1046 ego
781 1003 819 1034 te
840 994 954 1033 flocci
974 993 1100 1041 faci0;
1131 1007 1181 1031 ne
1202 1006 1265 1031 me
1286 992 1448 1031 territes.
1472 1003 1512 1036 35

114 1064 193 1100 ΤΗ.
226 1076 289 1100 me
323 1061 409 1112 ipso
442 1069 648 1112 praesente
682 1069 720 1099 et
751 1062 911 1110 Lycone
944 1061 1091 1098 factum
1125 1066 1194 1097 est.
1259 1059 1334 1095 ΡΗ.
1367 1057 1450 1095 sati'

1225 1123 1345 1161 credo
1366 1122 1446 1161 tibi.

30 1203 94 1239 715
116 1205 222 1230 nunc
242 1193 354 1238 adeo,
378 1199 420 1229 ut
440 1199 482 1229 tu
503 1191 602 1229 scire
622 1190 760 1241 possiS,
783 1191 884 1236 leno,
907 1202 1037 1227 meam
1059 1187 1294 1226 sententiam
1312 1203 1319 1226 :

116 1258 235 1295 libera
256 1259 354 1295 haec
375 1265 443 1303 est,
467 1257 531 1295 hic
552 1256 668 1294 huius
689 1257 804 1294 frater
824 1263 892 1302 est,
916 1256 1013 1292 haec
1033 1262 1166 1292 autem
1188 1253 1290 1291 illius
1311 1266 1430 1300 soror,

115 1325 212 1361 haec
240 1323 334 1360 mihi
363 1323 510 1361 nubet:
540 1331 581 1360 tu
612 1322 704 1360 huic
730 1328 935 1371 argentum
962 1321 1095 1359 redde.
1156 1321 1233 1357 hoc
1261 1318 1450 1357 iudicium

1226 1398 1357 1422 meum
1380 1392 1449 1422 est.

118 1456 197 1492 TH.
216 1462 257 1492 tu
270 1462 403 1492 autern
417 1453 456 1491 in
473 1466 597 1491 neruo
613 1453 690 1490 iam
707 1452 862 1499 iacebis,
880 1451 953 1489 nisi
970 1450 1024 1489 mi
1040 1457 1245 1500 argentum
1262 1449 1447 1488 redditur.
1470 1459 1512 1490 40

120 1520 191 1558 CA.
224 1521 354 1557 hercle
374 1519 488 1557 istam
510 1532 591 1556 rem
613 1517 793 1556 iudicasti
813 1516 1034 1567 perfidiose,
1060 1516 1318 1554 Phaedrome.

33 1599 102 1635 720
119 1593 157 1623 et
178 1585 248 1623 tibi
269 1585 395 1623 oberit
415 1594 453 1623 et
474 1594 522 1631 te,
547 1585 669 1632 miles,
692 1584 733 1623 di
753 1586 931 1633 deaeque
951 1581 1148 1633 perduint.

119 1658 159 1688 tu
190 1664 254 1689 me
284 1664 457 1700 sequere.
517 1652 596 1689 ΤΗ,
629 1664 710 1700 quo
740 1663 880 1699 sequar
909 1650 977 1687 te?
1035 1648 1107 1687 CA.
1145 1646 1196 1685 ad
1226 1645 1450 1696 tarpezitam

1319 1724 1451 1748 meum

118 1782 168 1819 ad
189 1788 419 1831 praetorem.
482 1794 573 1818 nam
595 1780 688 1819 inde
709 1794 790 1818 rem
812 1781 925 1818 soluo
945 1778 1131 1817 omnibus
1153 1777 1288 1827 quibu'
1309 1776 1449 1814 debeo.

118 1847 197 1884 ΤΗ.
230 1860 302 1896 ego
323 1854 361 1885 te
382 1846 421 1883 in
449 1859 624 1892 neruom,
649 1846 755 1883 haud
781 1845 832 1883 ad
860 1852 1079 1894 praetorem
1107 1842 1199 1879 hinc
1231 1841 1389 1891 rapiam,
1413 1840 1452 1877 ni
1473 1849 1512 1880 45

1096 1915 1300 1958 argentum
1322 1907 1449 1943 refers.

121 1978 194 2016 CA.
225 1991 298 2027 ego
319 1985 356 2015 te
377 1979 633 2016 uehementer
653 1976 777 2026 perire
798 1975 926 2026 cupio,
950 1989 999 2013 ne
1019 1983 1061 2013 tu
1084 1971 1180 2026 [me]
1202 1971 1364 2010 nescias.

37 2056 100 2094 725
122 2045 201 2081 ΤΗ.
234 2043 338 2081 itane
363 2045 487 2081 uero?
544 2044 616 2082 CA.
649 2042 702 2080 ita
728 2043 858 2080 hercle
882 2054 987 2079 uero.
1046 2042 1125 2078 TH.
1158 2037 1253 2076 noui
1281 2050 1353 2087 ego
1380 2040 1453 2074 hos

1156 2116 1309 2155 pugnos
1330 2115 1451 2140 meos.

167 2215 229 2252 706
253 2214 337 2243 haec
355 2213 388 2242 in
407 2223 513 2252 mmg.
535 2212 598 2242 cod.
621 2212 712 2250 (ante
727 2211 834 2250 gratia
851 2210 915 2249 PE,
929 2221 994 2240 om.
1014 2209 1059 2243 Bi
1174 2208 1237 2246 708
1261 2207 1343 2246 quid
1359 2206 1454 2236 iubet

122 2257 177 2287 PE
197 2259 276 2297 (pro
293 2258 356 2294 lu-)
492 2257 554 2295 716
568 2256 650 2294 sort.
670 2255 784 2285 huiust
801 2255 839 2285 fr.
931 2254 1033 2284 libera
1051 2254 1146 2291 haec,
1166 2251 1220 2281 hic
1238 2250 1336 2281 huius
1353 2249 1453 2280 frater

123 2306 183 2339 est,
212 2301 295 2330 haec
321 2305 431 2330 autem
458 2300 556 2329 huius
582 2304 632 2329 est
655 2308 750 2329 soror
764 2299 805 2338 (D
823 2297 890 2327 Leo
1023 2307 1085 2337 723
1110 2306 1215 2326 neruo
1232 2293 1296 2325 cod.
1390 2303 1452 2334 724

124 2355 176 2376 me
193 2344 250 2376 del.
274 2343 408 2374 Guz'etus
426 2344 484 2374 (ἰν.
505 2345 539 2383 3)
