1727 2702
170 63 199 102 l.
221 65 265 102 iii
643 66 689 103 T.
724 66 901 105 MACCI
936 66 1136 103 I'LAVTI

218 177 323 214 Anu.
356 189 485 222 mane,
506 189 632 221 mane,
653 174 756 214 audi.
789 174 863 221 dic,
891 174 987 225 quid
1018 188 1081 213 me
1109 187 1278 225 aequom
1309 187 1444 213 censes
1474 187 1544 224 pro

1262 239 1326 277 illa
1346 239 1414 277 tibi
1437 240 1541 285 dare,

216 319 364 344 annum
388 307 491 343 hunc
513 319 562 343 ne
582 318 672 343 cum
699 304 887 355 quiquam
915 304 993 343 alio
1021 303 1098 342 sit?
1155 305 1224 344 CL.
1258 305 1376 342 tene?
1405 303 1542 353 uiginti
1563 315 1632 351 230

1395 368 1519 406 minas
1535 383 1544 415 ;

215 443 335 485 atque
356 449 401 473 ea
421 437 504 485 lege
523 450 528 472 z
559 434 588 472 si
610 434 708 473 alius
728 436 777 474 ad
801 449 862 473 me
884 434 989 485 prius
1010 433 1192 481 attulerit,
1216 441 1256 472 tu
1278 435 1375 472 uale.

218 503 321 540 Aac.
354 508 393 538 at
413 514 485 551 ego
501 508 558 539 est
575 499 692 539 etiam
713 499 808 550 priu'
825 513 943 550 quam
960 499 1045 538 abis
1062 499 1171 549 quod
1188 500 1280 537 uolo
1300 497 1418 548 loqui.
1470 499 1539 538 CL.

1207 562 1271 602 dic
1291 564 1399 613 quod
1421 563 1538 602 lubet.

154 638 197 669 80
215 634 318 670 Aac.
352 645 431 670 non
448 629 612 669 omnino
628 629 704 668 iam
725 628 834 680 perii,
850 637 907 668 est
928 628 1116 667 relicuom
1133 642 1212 679 quo
1229 641 1385 679 peream
1407 627 1539 678 magis.

215 697 344 735 habeo
365 697 470 734 unde
491 695 590 734 istuc
611 694 680 733 tibi
702 696 810 744 quod
831 694 960 744 poscis
981 695 1072 733 dem
1090 709 1099 741 ;
1128 694 1197 732 sed
1218 693 1256 731 in
1278 695 1382 744 leges
1404 706 1510 731 meas

214 761 329 806 dabo,
349 768 390 798 ut
405 761 503 798 scire
519 759 655 809 possis,
674 766 904 809 perpetuom
920 773 1067 797 annum
1085 760 1192 797 hunc
1209 758 1303 796 mihi
1325 757 1378 796 uti
1400 757 1541 796 seruiat
1561 768 1625 804 235

215 839 287 864 nec
308 838 547 875 quemquam
577 824 723 863 interea
748 823 868 862 alium
897 823 1079 863 admittat
1108 837 1246 874 prosus
1266 836 1384 874 quam
1408 835 1470 861 me
1490 823 1541 860 ad

1338 902 1379 927 se
1400 887 1537 926 uirum.

214 957 284 995 Cr„
317 955 424 1006 quin,
446 954 477 994 si
499 963 539 993 tu
561 956 681 1002 uoles,
704 954 812 993 domi
834 954 935 993 se'rui
956 954 1024 1005 qui
1045 962 1136 993 sunt
1156 954 1336 993 castrabo
1357 953 1471 992 uiros.

151 1031 192 1069 85
213 1029 412 1071 postremo
433 1028 474 1058 ut
496 1021 603 1058 uoles
625 1033 696 1058 nos
717 1033 811 1066 esse,
835 1021 1099 1070 syngraphum
1121 1019 1239 1059 facito
1259 1021 1410 1059 adferas
1426 1034 1436 1067 ;

213 1094 254 1124 ut
276 1086 396 1131 uoles,
420 1093 461 1123 ut
483 1084 551 1123 tibi
573 1084 735 1132 lubebit,
759 1084 873 1124 nobis
894 1086 1019 1135 legem
1043 1085 1260 1135 imponito:

215 1151 335 1189 modo
356 1157 485 1188 tecum
508 1162 586 1187 una
605 1157 808 1199 argentum
829 1150 995 1197 adferto,
1016 1149 1128 1189 facile
1149 1150 1272 1201 patiar
1291 1158 1430 1190 cetera.
1560 1159 1630 1195 240

214 1213 479 1267 port[it]orum
501 1214 734 1253 simillumae
755 1222 846 1252 sunt
866 1214 1006 1253 ianuae
1027 1215 1231 1254 lenoniae:
1640 1208 1644 1213 ’

212 1281 241 1318 si
281 1281 420 1326 adfers,
459 1287 540 1318 tum
580 1286 724 1330 patent,
762 1279 793 1318 si
832 1293 913 1318 non
952 1287 1010 1319 est
1043 1281 1152 1331 quod
1191 1282 1270 1327 des,
1307 1282 1425 1320 aedes
1459 1294 1539 1320 non

1339 1353 1541 1396 patent.—

150 1425 194 1457 90
214 1411 316 1448 Ano.
351 1408 476 1448 interii
499 1408 529 1447 si
553 1422 632 1447 non
655 1408 815 1447 inuenio
836 1422 909 1460 ego
930 1409 1014 1448 illas
1035 1409 1171 1460 uiginti
1195 1410 1331 1456 minas,

211 1483 248 1514 et
271 1476 457 1525 profecto,
482 1474 553 1512 nisi
577 1473 674 1512 illud
699 1475 822 1524 perdo
843 1482 1059 1524 argentum,
1084 1476 1328 1525 pereundum
1351 1483 1408 1514 est
1431 1475 1536 1514 mihi.

211 1553 316 1578 nunc
338 1553 494 1590 pergam
516 1540 566 1578 ad
588 1540 714 1578 forum
736 1546 855 1590 atque
876 1539 1049 1590 experiar
1069 1539 1223 1591 opibus,
1246 1540 1355 1580 omni
1376 1540 1501 1591 copia,
1559 1550 1625 1587 245

211 1604 455 1655 supplicabo,
478 1604 744 1655 exopsecrabo
765 1612 807 1643 ut
828 1618 1027 1655 quemque
1047 1605 1219 1644 amicum
1241 1604 1388 1652 uidero,

211 1671 366 1721 dignos,
386 1670 568 1721 indignos
589 1670 697 1709 adire
716 1678 835 1721 atque
856 1669 1054 1724 experi[ri]
1075 1679 1262 1710 certumst
1283 1671 1389 1718 mihi,

148 1748 190 1782 95
212 1749 302 1774 nam
325 1734 355 1773 si
377 1742 532 1774 mutuas
553 1748 633 1774 non
655 1742 803 1786 potero,
826 1743 1013 1774 certumst
1033 1749 1186 1774 sumam
1208 1737 1433 1776 faenore.—

108 1985 158 2023 ΙΙ,
179 1984 192 2022 i
755 1983 787 2019 L
802 1994 810 2019 1
830 1993 851 2019 n
865 1993 887 2018 Λ
904 1993 929 2019 N
946 1993 969 2018 v
983 1993 1002 2019 s

217 2071 273 2107 111.
311 2070 454 2108 Hercle
478 2083 580 2114 uem,
608 2068 768 2112 Libane,
793 2082 898 2106 nunc
920 2076 957 2106 tc
979 2068 1134 2107 meliust
1155 2068 1410 2120 expergiscier

212 2142 330 2184 atque
350 2142 512 2184 argento
533 2134 802 2183 comparando
824 2134 968 2183 fingere
989 2134 1192 2172 fallaciam.
1559 2148 1628 2184 250

256 2246 319 2275 230
343 2242 421 2267 tene
453 2235 688 2266 Cmnerart'us:
726 2240 807 2264 tune
840 2233 905 2265 cod.
1043 2245 1104 2275 235
1130 2235 1180 2276 ut]
1211 2235 1259 2266 vel
1288 2236 1334 2267 uti
1476 2237 1539 2276 238

212 2280 440 2319 syngrapham
459 2278 528 2309 cod.
544 2279 598 2317 (cs.
626 2279 697 2318 746,
717 2278 780 2308 802
791 2288 796 2305 '›
986 2289 1044 2317 24¹
1075 2284 1249 2318 portorum
1275 2280 1309 2318 (ι’.
1324 2291 1348 2311 e.
1362 2283 1537 2320 portuuml

211 2324 327 2363 scripsi
340 2323 462 2360 (class.
480 2322 560 2352 Rev.
578 2323 608 2354 6.
629 2323 708 2360 3425
919 2332 980 2360 :247
1006 2323 1123 2362 expeti
1141 2321 1278 2353 Skutsch
1296 2328 1349 2363 ap.
1368 2322 1488 2354 Pradcl
1502 2323 1540 2354 de

207 2371 323 2408 praep.
339 2375 404 2406 515
535 2374 600 2404 250
624 2365 753 2404 fingere?
764 2367 946 2405 suspectum
