1727 2702
130 134 197 173 IV.
221 143 248 170 x
637 135 683 172 T.
718 106 898 174 MACCI
930 136 1132 174 PLAVTI

159 259 200 291 ⁴0
220 245 269 284 de'
289 245 363 284 alia
384 259 423 285 re
445 245 647 285 resciuisse
667 246 813 293 censui,
836 247 943 296 quod
965 247 1013 284 ad
1038 260 1100 284 me
1119 247 1257 286 attinet
1274 263 1283 295 ;
1569 254 1639 289 770

220 323 360 360 magna
387 318 445 349 est
467 309 560 363 [res]
583 325 701 361 quam
729 324 803 362 ego
823 319 952 350 tecum
979 311 1115 357 otiose,
1138 311 1168 350 si
1194 313 1317 351 otium
1339 322 1408 360 est,
1431 313 1549 364 cupio

1427 379 1546 429 loqui.

220 441 315 478 Evc.
348 440 412 478 dic
430 441 534 479 bona
550 441 628 479 fide
645 455 651 479 :
673 448 713 479 tu
731 440 771 479 id
786 454 924 479 aurum
942 454 1021 479 non
1039 442 1298 493 surrupuisti?
1333 445 1402 482 Lv.
1429 444 1545 483 bona.

219 505 316 543 Evc.
349 518 478 555 neque
508 504 637 557 (eum)
667 505 742 544 scis
772 505 838 556 qui
869 506 1102 555 apstulerit?
1160 509 1227 545 Lv.
1260 507 1359 546 istuc
1389 521 1549 559 quoque

893 571 1008 609 bona.
1070 573 1166 609 Evc.
1198 579 1316 622 atque
1337 572 1376 611 id
1397 572 1428 611 si
1449 573 1548 612 scies

215 633 282 684 qui
316 634 528 684 apstulerit,
567 634 661 673 mihi
696 634 918 673 indicabis?
976 636 1044 673 Lv.
1078 635 1228 674 faciam.
1289 638 1385 676 Evc.
1418 650 1548 688 neque

1306 710 1454 752 partem
1476 703 1546 741 tibi

155 775 195 809 45
215 763 266 801 ab
286 776 334 802 eo
354 765 555 814 quoiumst
576 764 787 815 indipisces
809 778 938 815 neque
959 766 1082 803 furem
1104 765 1303 816 excipies?
1362 768 1430 805 Lv.
1463 767 1525 806 ita.
1567 775 1631 812 775

218 829 314 866 Evc.
348 828 387 867 id
409 827 478 881 (si)
499 830 627 867 fallis?
691 831 758 867 ΙΝ.
793 837 875 867 tum
905 842 967 867 me
988 829 1103 868 faciat
1133 831 1242 880 quod
1272 832 1354 869 uolt
1383 844 1546 881 magnus

1358 894 1543 945 Iuppiter.

217 958 313 996 Evc.
346 965 404 996 sat
435 958 573 997 habeo.
632 971 703 1008 age
734 971 839 996 nune
869 959 1030 1008 loquere
1063 959 1159 1008 quid
1190 959 1258 997 uis.
1320 960 1388 997 ΙΝ.
1421 959 1451 997 si
1483 973 1546 998 me

1237 1023 1380 1061 nouisti
1403 1023 1543 1071 minus,

214 1100 356 1137 genere
376 1100 456 1138 quo
477 1087 549 1126 sim
570 1094 710 1137 gnatus
728 1102 734 1125 :
766 1086 829 1126 hic
851 1086 945 1125 mihi
967 1094 1025 1125 est
1048 1088 1288 1138 Megadorus
1308 1089 1511 1135 aunculus,

216 1154 317 1191 meu'
338 1152 409 1191 suit
429 1159 539 1203 pater
559 1152 832 1199 Antimachus,
855 1165 928 1202 ego
950 1165 1071 1190 uocor
1093 1152 1326 1202 Lyconides,

154 1231 196 1264 50
216 1225 338 1256 mater
370 1224 429 1256 est
465 1216 672 1256 Eunomia.
737 1219 833 1255 Evc.
866 1216 959 1255 noui
985 1212 1117 1267 'genuss
1183 1230 1287 1255 nunc
1326 1217 1422 1267 quid
1457 1217 1633 1263 uis?780

1392 1283 1430 1321 id
1452 1285 1544 1322 uolo

213 1361 386 1387 noscere.
421 1349 489 1386 Lv.
513 1347 632 1386 filiam
647 1361 692 1386 ex
706 1354 744 1386 te
757 1349 798 1385 tu
813 1348 945 1386 habes.
981 1349 1076 1385 Evc.
1094 1347 1217 1386 immo
1231 1347 1406 1386 eccillam
1421 1349 1540 1387 domi.

214 1415 284 1452 Lv.
314 1426 401 1452 earn
415 1421 456 1452 tu
471 1413 731 1464 despondisti,
744 1413 896 1463 opinor,
913 1426 1002 1451 meo
1017 1414 1199 1451 aunculo.
1254 1415 1351 1451 Evc.
1382 1428 1542 1452 omnem

1319 1492 1398 1517 rem
1420 1488 1540 1518 tenes.

215 1544 283 1581 Lv.
316 1542 347 1581 is
369 1556 431 1582 me
451 1556 557 1582 nunc
578 1542 799 1581 renuntiare
820 1542 1026 1593 repudium
1049 1543 1158 1581 iussit
1179 1542 1260 1582 tibi.

215 1608 312 1646 Evc.
345 1607 550 1658 repudium
573 1607 688 1646 rebus
710 1607 862 1658 paratis,
885 1607 1079 1646 exornatis
1101 1608 1277 1658 nuptiis?

151 1685 194 1720 55
213 1672 380 1711 utillum
402 1672 442 1712 di
459 1672 685 1711 inmortales
699 1686 837 1711 omnes
858 1674 1036 1723 deaeque
1057 1682 1247 1723 quantum
1267 1682 1324 1712 est
1345 1675 1539 1725 perduint,
1560 1677 1625 1722 785

212 1750 331 1787 quem
353 1745 510 1788 propter
531 1737 650 1776 hodie
669 1738 750 1775 auri
773 1746 923 1776 tantum
947 1738 1098 1788 perdidi
1122 1738 1262 1786 infelix,
1288 1739 1412 1778 miser.

214 1804 282 1841 Lv.
316 1803 423 1841 bono
460 1802 594 1841 animo
632 1816 684 1850 es,
726 1803 828 1841 bene
867 1803 964 1842 dice.
1012 1817 1116 1842 nunc
1155 1818 1256 1854 quae
1296 1819 1355 1843 res
1393 1805 1462 1844 tibi
1502 1813 1540 1844 et

1281 1879 1421 1919 gnatae
1451 1879 1540 1910 tuae

256 1981 314 2012 771
341 1982 396 2003 res
421 1972 479 2004 del.
507 1973 599 2004 llare
685 1974 742 2006 vix
765 1985 806 2006 m.
834 1979 902 2005 rest
1037 1983 1098 2013 773
1125 1984 1233 2013 neque
1258 1975 1325 2004 scis
1348 1975 1402 2013 qui
1427 1975 1538 2006 abstu-

210 2015 286 2047 lerit
307 2015 400 2046 verba
425 2017 458 2046 in
478 2027 506 2048 v.
536 2027 596 2056 774
625 2019 708 2049 inter
726 2018 903 2050 abstulerit
930 2020 958 2047 et
982 2017 1060 2047 mihi
1081 2016 1194 2047 detulit
1214 2017 1278 2048 cod.
1300 2019 1348 2052 (ii.
1371 2020 1427 2050 6³:
1457 2029 1534 2050 corr.

210 2059 420 2090 Camerarius
508 2071 584 2092 eum
616 2061 692 2093 add.
725 2061 863 2103 Langen
1012 2070 1073 2100 775
1098 2062 1183 2091 adeo
1210 2059 1340 2091 Nonius
1369 2071 1439 2100 129,
1474 2072 1538 2101 293

208 2104 350 2133 cuiumst
368 2103 569 2144 (quoiumst')
590 2104 706 2136 Goetz:
733 2106 886 2145 cuiquam
907 2109 958 2135 est
981 2104 1048 2134 cod.
1068 2105 1092 2137 (i
1119 2105 1152 2142 75
1169 2115 1174 2133 :
1201 2105 1252 2134 cui
1271 2105 1312 2134 sit
1330 2104 1416 2136 codd.
1437 2104 1541 2136 Nonii

212 2156 281 2185 129,
302 2146 410 2178 cuiuis
430 2148 556 2188 (cuius)
574 2159 636 2189 293
728 2149 911 2188 indipisces
935 2151 1071 2178 testatur
1092 2146 1226 2177 Nonius
1252 2157 1332 2187 129:
1363 2149 1538 2188 indipiscis

207 2189 296 2221 codd.
327 2189 434 2221 Nonii
457 2202 543 2232 293:
576 2193 652 2223 inde
680 2203 800 2232 posces
823 2191 888 2223 cod.
989 2191 1141 2230 excipies
1166 2194 1303 2221 testatur
1322 2190 1450 2221 Nonius
1475 2202 1537 2232 293

209 2234 274 2263 (-as
292 2233 392 2271 codd..
411 2235 468 2266 sed
487 2246 547 2275 ¹29
565 2238 680 2277 recte):
704 2236 824 2275 expies
838 2235 902 2266 cod.
922 2235 983 2271 (iii.
1007 2236 1060 2275 ιο)
1194 2235 1256 2272 776
1282 2235 1317 2265 ld
1331 2234 1403 2277 (si)
1420 2235 1535 2266 Valla:

208 2275 297 2315 Quid
315 2277 342 2308 si
362 2277 575 2310 Camerarius
683 2290 746 2319 779
770 2285 866 2319 pater
882 2279 940 2309 suit
960 2277 1034 2317 Leo,
1053 2278 1107 2308 cui
1120 2283 1217 2317 pater
1232 2277 1372 2318 dt'splt'cr!
1474 2279 1532 2318 781

209 2329 251 2350 ex
269 2326 302 2351 te
321 2321 363 2352 fil.
379 2324 419 2360 (τ)
434 2322 499 2353 Leo
561 2323 641 2362 sort.
656 2321 818 2365 (Euclio)
831 2322 910 2353 Evc.
926 2321 987 2356 (iii.
1005 2323 1041 2361 2)
1133 2322 1194 2360 782
1219 2321 1267 2351 vel
1281 2322 1383 2361 opino
1473 2323 1534 2361 784

208 2366 379 2396 exornatis
390 2365 477 2397 codd.
493 2366 598 2397 Nom‘n'
611 2377 670 2406 105
685 2378 691 2399 :
717 2371 818 2406 atque
835 2365 1009 2396 exornatis
1019 2364 1084 2396 cod.
1101 2364 1199 2397 (idem
1210 2366 1340 2394 ermrin
1357 2364 1447 2405 Capl.
1457 2366 1534 2404 658,

208 2407 318 2438 Bacch.
343 2420 433 2448 ¹¹¹5.
456 2410 529 2440 (ἵει.
550 2420 622 2449 205,
644 2410 736 2442 Cure.
756 2411 827 2448 280,
849 2412 924 2450 351)
1037 2410 1096 2448 787
1123 2408 1287 2439 bencdice
1311 2408 1469 2448 Pylades:
1501 2414 1534 2440 et

207 2451 372 2483 benedico
389 2453 449 2484 cod.
