1727 2712
675 95 935 134 EPIDICVS
1394 91 1505 132 111.i

251 204 358 243 nimi'
380 204 446 243 diu
470 218 666 243 maceror:
697 204 798 242 sitne
818 204 913 254 quid
935 219 1060 244 necne
1080 204 1128 243 sit

250 269 347 307 scire
368 269 496 319 cupio.
557 271 634 308 CH.
668 283 735 319 per
756 269 861 307 illam
884 269 955 308 tibi
976 269 1130 320 copiam

143 334 298 385 copiam
320 347 455 384 parare
475 334 591 372 aliam
613 334 703 372 licet
720 349 726 371 :
757 334 853 372 sciui
874 334 1059 384 equidem
1081 334 1120 372 in
1141 333 1333 385 principio
1353 333 1407 372 ili·
1495 348 1513 380 5

59 411 122 448 325
143 412 205 437 -co
225 400 373 437 nullam
395 398 465 436 tibi
487 412 571 437 esse
592 398 631 437 in
652 398 719 436 illo
740 398 905 448 copiam.
966 400 1028 436 ST.
1061 398 1186 437 interii
1208 399 1338 437 hercle
1358 400 1454 448 ego!

145 465 221 503 CH.
254 464 423 514 apsurde
451 463 536 501 saci'
563 463 630 512 qui
656 476 776 513 angas
806 470 844 502 te
870 463 1016 509 animi;
1056 463 1086 501 si
1114 465 1243 502 hercle
1270 476 1342 513 ego
1367 462 1475 500 illum

1127 530 1247 567 semel
1269 528 1472 578 prendero,

36 598 123 642 27-ss
196 607 414 643 numquam
459 592 626 632 inridere
671 606 743 632 nos
786 593 894 631 illum
937 593 1103 631 inultum
1150 594 1274 632 sinam
1318 606 1473 631 seruom

1255 658 1468 697 hominem.

143 725 205 761 ST.
238 722 333 772 quid
361 722 470 760 illum
499 723 596 760 ferre
623 721 682 760 uis
709 721 787 772 qui,
810 722 880 760 tibi
907 722 1000 772 quoi
1025 723 1185 762 diuitiae
1212 723 1321 762 domi
1343 723 1472 760 maxu-

1260 802 1346 826 mae
1367 795 1467 834 sunt,

60 865 127 900 330
198 852 230 891 is
250 865 458 890 nummum
479 853 631 889 nullum
652 852 774 890 habes
794 865 868 891 nec
889 853 1012 891 sodali
1033 860 1101 891 tuo
1122 853 1161 890 in
1182 861 1220 891 te
1240 853 1400 903 copiast.
1492 867 1531 889 10

144 918 222 957 CH.
251 917 282 955 si
303 918 433 955 hercle
453 916 621 955 habeam
642 916 827 967 pollicear
847 917 998 964 lubens,
1017 931 1153 956 uerum
1173 918 1321 968 aliquid
1342 918 1471 968 aliqua

1199 983 1331 1034 aliquo
1353 984 1474 1021 modo

140 1047 323 1086 alicunde
343 1047 393 1085 ab
414 1046 534 1097 aliqui
554 1046 685 1097 aliqua
706 1046 776 1084 tibi
798 1060 886 1097 spes
912 1055 968 1085 est
990 1049 1071 1086 fore
1087 1061 1242 1086 mecum
1264 1050 1471 1086 fortunam.

195 1113 257 1150 ST.
292 1125 364 1150 uae
394 1111 476 1159 tibi,
509 1111 700 1150 muricide
730 1112 879 1150 homo!
938 1113 1014 1151 CH.
1047 1112 1114 1162 qui
1144 1112 1215 1151 tibi
1236 1113 1344 1151 lubet
1378 1112 1474 1151 mihi

1212 1180 1313 1216 male
1334 1178 1441 1228 loqui
1459 1180 1475 1216 ?

139 1243 201 1282 ST.
233 1241 368 1293 quipp'
389 1249 430 1281 tu
452 1241 505 1280 mi
532 1241 681 1292 aliquid
708 1241 841 1292 aliquo
862 1243 983 1280 modo
1003 1242 1185 1281 alicunde
1205 1243 1256 1280 ab
1276 1243 1473 1293 aliquibus

1357 1310 1471 1348 blatis

54 1382 119 1419 335
246 1373 355 1423 quod
377 1380 620 1422 nusquamst,
644 1386 773 1422 neque
795 1385 868 1422 ego
889 1372 929 1411 id
950 1372 1120 1412 immitto
1141 1373 1181 1412 in
1201 1374 1302 1429 auris
1324 1388 1441 1422 meas,
1493 1391 1530 1423 15

139 1451 212 1477 nec
233 1438 329 1476 mihi
350 1439 437 1488 plus
458 1438 677 1477 adiumenti
698 1439 792 1476 ades
809 1451 927 1488 quarn
948 1438 1011 1477 ille
1028 1439 1093 1489 qui
1115 1453 1331 1490 numquam
1353 1440 1470 1478 etiarn

1327 1514 1468 1544 natust.

171 1614 450 1651 EP1D1cvs
508 1613 973 1653 STRATIPPOCLES
1028 1616 1435 1655 CHAERlssvm's
1490 1620 1520 1657 ii

139 1695 208 1732 ΕΡ.
230 1694 372 1732 Fecisti
390 1694 466 1732 iam
483 1694 655 1732 officium
673 1702 794 1741 tuom,
812 1709 875 1733 me
891 1709 1024 1734 meum
1041 1710 1146 1735 nunc
1163 1699 1288 1736 facere
1304 1706 1468 1749 oportet.

137 1772 205 1809 per
243 1760 345 1797 hanc
379 1761 513 1797 curam
548 1759 683 1809 quieto
717 1759 788 1798 tibi
822 1759 912 1798 licet
946 1762 1164 1800 esse—h‘oc
1198 1762 1359 1812 quidem
1394 1763 1471 1802 iarn

1334 1828 1446 1878 periit
1463 1843 1471 1866 ε

190 1888 229 1926 ni
244 1889 339 1938 quid
354 1888 424 1927 tibi
438 1889 530 1927 hinc
544 1889 583 1927 in
598 1902 708 1939 spem
725 1891 876 1938 reseras,
893 1891 1043 1942 oppido
1058 1893 1134 1930 hoc
1148 1892 1380 1942 pollinctum
1395 1902 1452 1932 est
1461 1909 1472 1941 ;

53 1966 120 2000 340
191 1955 307 1992 crede
328 1955 449 1993 modo
471 1954 590 1992 mihi:
621 1954 676 1993 sic
698 1969 771 2005 ego
791 1969 875 2006 ago,
899 1956 954 1995 sic
975 1965 1136 2007 egerunt
1157 1958 1290 1996 nostri.

180 2067 244 2095 322
268 2068 332 2087 nec
350 2060 456 2088 nescit
473 2057 538 2089 cod.
644 2067 707 2097 325
733 2059 862 2098 copiam
882 2058 974 2101 [tibi]
992 2060 1024 2090 Β
1042 2061 1118 2101 (3ex
1133 2071 1165 2091 v.
1179 2061 1261 2099 323)
1365 2063 1472 2100 327-8

138 2099 280 2131 inultum
296 2101 369 2132 Ital.
388 2113 394 2131 ι
419 2101 609 2132 inultimum
627 2102 686 2131 cod
712 2104 756 2134 (v.
774 2103 810 2143 8)
965 2113 1030 2144 329
1059 2104 1129 2134 sere
1148 2104 1200 2134 PE
1219 2104 1387 2142 (faceres
1400 2115 1468 2135 var.

137 2142 220 2182 lect.)
339 2154 403 2183 330
427 2155 598 2175 nummum
616 2145 669 2176 his
687 2145 737 2175 PE
862 2156 926 2185 332
951 2148 1094 2187 aliquast
1112 2149 1169 2178 tibi
1188 2158 1236 2187 sp.
1257 2146 1403 2179 Mueller.
1423 2149 1476 2178 cni

136 2187 246 2226 aliqua
258 2188 318 2217 tibi
334 2188 455 2218 iniuria
471 2187 612 2228 displicet
679 2189 825 2231 mecum]
845 2191 1016 2221 meliorem
1036 2191 1100 2221 Leo
1231 2201 1294 2230 333
1307 2192 1471 2230 smihVae

136 2229 244 2273 (uae)
270 2231 517 2271 (mmaocton.)
640 2241 703 2270 334
728 2233 803 2263 latis
820 2234 884 2265 cod.
905 2234 1019 2273 <blatis
1032 2235 1074 2272 J)
1188 2237 1253 2273 336
1276 2235 1471 2265 adiumenta

135 2273 217 2304 ades
238 2273 296 2314 (E)
321 2274 370 2304 vel
391 2275 586 2305 adiumenta
610 2275 671 2305 des
698 2276 755 2314 (J)
783 2276 857 2307 PE:
892 2278 1086 2308 adiumento
1111 2279 1193 2308 ades
1217 2278 1360 2318 Seyffert,
1388 2278 1468 2316 fort.

138 2320 212 2346 recte
309 2317 405 2357 ades]
427 2319 486 2348 das
504 2317 642 2356 Pylades
663 2321 790 2359 Janap.)
807 2333 812 2351 ι
843 2320 946 2350 habes
967 2322 1008 2361 (3
1031 2320 1096 2350 Leo
1185 2321 1234 2351 vel
1248 2322 1293 2351 ill'
1407 2332 1470 2361 337

139 2359 207 2401 [tu]
220 2365 311 2390 tuum
330 2359 362 2390 Β
450 2370 514 2400 339
531 2361 727 2400 pollinctum
747 2362 862 2393 Goetz:
888 2363 1041 2402 pollitum
1060 2363 1124 2395 cod.
1147 2365 1301 2404 (politum
1317 2364 1384 2404 PE)
