1727 2702
44 111 112 150 IV.
133 111 164 150 ii
554 112 600 149 T.
634 111 814 151 MACCI
847 111 1050 150 PLAVTI

139 224 181 261 L.
205 225 239 261 S.
273 222 314 262 di
337 222 577 271 inmortales,
597 223 707 273 quod
727 236 801 273 ego
821 223 927 262 hunc
948 221 1151 262 hominem
1168 222 1318 261 facinus
1333 220 1469 262 audiui

1332 287 1471 339 loqui?

81 371 118 394 10
137 366 179 393 se
198 355 327 392 aulam
350 361 533 393 onustam
554 353 637 392 auri
657 353 889 405 apstrusisse
910 353 974 392 hic
996 352 1101 392 intus
1121 352 1161 391 in
1183 355 1274 392 fano
1297 352 1394 392 Fidi.

137 432 233 458 caue
254 427 295 457 tu
317 418 370 457 illi
391 418 528 466 fidelis,
552 432 714 470 quaeso,
735 419 866 470 potius
888 418 1005 458 fueris
1025 432 1144 469 quam
1166 418 1272 457 mihi.

134 491 253 535 atque
283 483 346 522 hic
376 492 484 534 pater
513 491 582 532 est,
606 491 648 522 ut
676 497 751 535 ego
779 483 931 534 opinor,
954 483 1070 522 huius
1101 497 1189 523 erus
1215 497 1333 534 quam
1364 490 1468 522 amat

1307 547 1465 601 (meus).

135 615 203 656 ibo
223 615 315 654 hinc
337 615 452 664 intro,
473 615 748 666 perscrutabor
768 616 914 663 fanum,
933 614 963 653 si
985 613 1185 653 inueniam
1206 613 1358 665 uspiam
1484 617 1556 652 620

135 695 285 728 aurum,
308 682 404 721 dt'im
426 680 490 720 hic
510 688 569 720 est
589 688 816 732 occupatus.
875 681 946 719 sed
966 679 997 718 si
1019 693 1239 730 repperero,
1259 693 1283 718 o
1305 679 1436 726 Fides,

81 761 116 793 ¹5
138 746 251 786 mulsi
273 746 492 797 congialem
514 748 672 797 plenam
694 745 834 785 faciam
857 745 927 784 tibi
948 744 1131 784 fideliam.

138 812 178 851 id
198 813 300 851 adeo
316 811 386 850 tibi
407 811 547 850 faciam
564 826 574 859 3
602 825 739 851 uerum
756 825 829 861 ego
846 809 941 849 mihi
962 809 1108 857 bibam,
1124 809 1192 848 ubi
1212 809 1252 849 id
1273 811 1469 849 secero--

77 921 122 959 iii
697 925 910 961 Evcmo

141 1007 237 1044 Evc.
281 1006 373 1045 Non
404 1012 550 1044 temere
581 1012 639 1044 est
672 1006 780 1055 quod
814 1018 956 1044 coruos
989 1011 1122 1043 cantat
1156 1003 1251 1042 mihi
1286 1017 1392 1042 nunc
1420 1004 1472 1042 ab

1195 1070 1307 1107 laeua
1328 1082 1446 1107 manu
1462 1084 1472 1117 3

137 1136 261 1174 semul
283 1135 443 1174 radebat
465 1135 634 1185 pedibus
655 1142 793 1173 terram
816 1142 855 1173 et
875 1148 975 1173 uoce
996 1133 1193 1173 croccibat
1212 1147 1305 1173 sua:
1489 1137 1556 1182 625

137 1200 328 1240 continuo
350 1213 480 1239 meum
503 1214 570 1239 cor
590 1199 721 1251 coepit
741 1207 863 1239 artem
887 1201 1013 1238 facere
1034 1199 1223 1238 ludicram

138 1273 256 1316 atque
278 1265 316 1303 in
339 1272 475 1316 pectus
496 1264 676 1304 emicare.
735 1265 805 1304 sed
825 1278 899 1315 ego
919 1277 1032 1304 cesso
1051 1278 1214 1303 currere.

75 1377 122 1415 iv
362 1379 574 1416 Evcmo
686 1379 1003 1415 chormms
1050 1379 1261 1416 SEvas

143 1461 239 1498 Evc.
272 1458 331 1510 (Ι)
352 1461 464 1506 foras,
488 1460 689 1506 lumbrice,
712 1459 779 1510 qui
800 1459 874 1498 sub
895 1466 994 1498 terra
1013 1459 1189 1510 erepsisti
1211 1461 1344 1506 modo,

138 1523 204 1574 qui
228 1526 348 1563 modo
369 1538 564 1575 nusquam
581 1524 850 1575 comparebas,
870 1538 976 1563 nunc
992 1538 1114 1575 quom
1131 1538 1334 1575 compares
1356 1522 1467 1574 peris.

138 1587 244 1641 [ego]
266 1590 408 1639 edepol
433 1597 481 1636 te,
505 1588 803 1639 praestrigiator,
827 1588 976 1628 miseris
998 1588 1074 1627 iam
1095 1588 1287 1639 accipiam
1310 1588 1449 1627 modis.
1487 1597 1558 1641 630

140 1656 182 1692 L.
207 1656 244 1693 S.
276 1668 376 1704 quae
405 1662 442 1692 te
469 1655 571 1693 mala
600 1667 692 1693 crux
718 1653 867 1704 agitat?
895 1653 991 1704 quid
1013 1653 1082 1692 tibi
1111 1667 1266 1693 mecum
1288 1661 1346 1692 est
1367 1667 1471 1692 com-

1172 1719 1301 1766 merci,
1324 1720 1472 1758 senex?

101 1802 118 1833 5
141 1783 236 1834 quid
259 1797 321 1823 me
336 1783 545 1823 adflictas?
564 1784 661 1835 quid
679 1797 741 1823 me
757 1785 915 1835 raptas?
935 1797 1013 1834 qua
1030 1797 1092 1822 me
1108 1797 1246 1823 caussa
1262 1784 1473 1823 uerberas?

143 1850 239 1887 Evc.
273 1849 652 1897 uerberabssissume,
676 1849 794 1889 etiam
817 1849 971 1900 rogitas,
995 1862 1075 1887 non
1096 1850 1168 1896 sur,
1190 1850 1260 1888 sed
1282 1848 1419 1887 trifur?

143 1914 184 1952 L.
209 1917 244 1953 S.
277 1913 372 1964 quid
394 1914 464 1953 tibi
485 1914 696 1965 surrupui?
754 1915 854 1952 Evc.
886 1914 1006 1953 redde
1023 1915 1100 1952 huc
1117 1913 1179 1952 sis.
1240 1915 1283 1952 L.
1306 1915 1342 1952 S.
1376 1912 1472 1963 quid

779 1978 849 2017 tibi
871 1978 931 2017 uis
952 1979 1145 2018 reddam?
1203 1980 1299 2017 Evc.
1332 1979 1473 2029 rogas?

182 2084 247 2113 616
281 2083 392 2114 audiui
424 2082 536 2120 Bothe,
567 2085 669 2113 metro
695 2082 885 2113 consulens:
924 2083 1026 2113 audio
1057 2081 1146 2114 cod:
1185 2082 1282 2113 audio
1313 2081 1470 2125 (c)loqui

140 2126 266 2156 Scluocll
394 2128 457 2165 617
481 2127 530 2157 vel
547 2124 639 2157 Fid&
784 2127 850 2166 619
874 2126 922 2157 vel
936 2127 1040 2166 opino
1129 2136 1225 2157 meus
1241 2125 1316 2156 add.
1339 2125 1469 2157 Luchs:

139 2167 326 2212 (uirginis)
344 2170 481 2200 Mueller
608 2171 673 2208 623
699 2169 730 2200 id
758 2170 813 2200 ubi
838 2169 917 2199 Rei:
1063 2171 1128 2208 625
1152 2169 1248 2200 simul
1266 2169 1352 2200 codd.
1372 2170 1475 2200 Nonii

139 2223 201 2251 45:
233 2214 337 2244 semei
363 2213 427 2244 cod.
451 2216 524 2253 (pro
543 2212 663 2251 semul,
685 2213 822 2252 antiqua
842 2213 977 2252 forma)
1104 2214 1168 2244 628
1194 2213 1203 2243 1
1231 2213 1319 2243 foras
1336 2212 1470 2244 Lambi-

140 2266 204 2287 nus
222 2268 227 2286 :
253 2256 402 2297 (Foras)
421 2257 510 2287 foras
530 2256 742 2287 Camerarius
883 2258 948 2295 629
972 2257 1190 2296 comparabas
1219 2255 1285 2287 cod.
1405 2258 1471 2296 630

139 2310 203 2338 ego
219 2299 320 2330 delevi
334 2300 390 2340 riv.
411 2307 445 2338 33
579 2302 642 2339 634
669 2310 768 2339 rogas
786 2299 998 2330 Canum-atius
1013 2312 1019 2330 ε
1045 2300 1170 2339 rogitas
1186 2300 1250 2330 cod.
1273 2299 1327 2340 (rs.
1346 2301 1424 2339 633)
