1727 2702
191 102 220 140 I,

245 102 273 139 ii
652 104 699 142 T.
733 103 914 143 MACCI
947 104 1150 142 PLAVTI

246 216 360 254 ΜΕΝ.
393 216 456 255 dic
478 216 681 256 hominem
709 216 1009 268 lepidissumum
1025 229 1111 255 esse
1131 215 1204 255 me'.
1257 218 1324 255 ΡΕ.
1356 215 1423 255 ubi
1450 214 1572 255 essuri

1408 282 1573 320 sumus?

242 347 357 386 MEN.
390 346 455 385 dic
475 348 597 386 modo
624 348 701 386 hoc
721 348 830 398 quod
857 360 931 397 ego
957 354 995 386 te
1015 346 1144 386 iubeo.
1206 349 1273 385 ΡΕ.
1305 346 1419 386 dico:
1450 347 1571 385 homo

1305 411 1569 462 lepidissume.

180 489 224 521 40
245 479 360 517 ΜΕΝ.
402 478 546 528 ecquid
584 479 707 518 audes
752 479 803 518 de
842 486 911 518 tuo
949 477 1048 517 istuc
1085 478 1261 517 addere?
1345 479 1414 515 ΡΕ.
1453 484 1572 526 atque

179 1011 221 1045 45

179 1471 219 1503 50

1315 541 1491 580 hilarissu
1497 555 1569 580 me.

243 609 358 647 ΜΕΝ.
377 622 504 659 perge,
515 607 794 660 (perge>—PE.
811 622 891 647 non
906 621 1024 660 pergo
1038 609 1168 647 hercle
1175 607 1249 646 nisi
1263 606 1346 646 scio
1353 619 1431 657 qua
1437 606 1568 657 gratia.

241 674 406 724 litigium
428 674 498 712 tibi
519 681 577 713 est
598 687 688 713 cum
710 687 840 721 uxore,
863 687 911 713 eo
933 673 984 711 mi
1005 673 1074 723 aps
1096 680 1134 711 te
1154 685 1278 711 caueo
1298 671 1462 710 cautius.

242 740 357 777 ΜΕΝ.
389 739 490 778 clam
525 752 685 778 uxorem
724 739 792 778 ubi
823 740 1046 789 sepulcrum
1073 738 1289 777 habeamus
1317 744 1437 787 atque
1466 737 1572 775 hunc

1152 802 1432 842 comburamus
1451 801 1568 840 diem.

242 871 310 908 ΡΕ.
355 883 426 920 age
465 883 559 909 sane
597 870 722 921 igitur,
764 871 926 921 quando
963 883 1133 921 aequom
1175 882 1273 916 oras,
1314 881 1433 919 quam
1479 881 1571 907 mox

1205 934 1377 973 incendo
1403 935 1571 984 rogum?

240 999 323 1038 dies
344 999 506 1051 quidem
528 1000 604 1039 iarn
625 1002 675 1040 ad
697 1000 928 1040 umbilicum
950 1008 1008 1040 est
1027 999 1257 1040 dimidiatus
1277 1006 1463 1038 mortuos.

241 1066 356 1104 ΜΕΝ.
389 1073 426 1104 te
454 1079 604 1105 morare
630 1066 725 1104 mihi
746 1079 868 1117 quom
889 1066 1115 1116 obloquere.
1187 1067 1255 1104 ΡΕ.
1288 1065 1446 1104 oculum
1468 1066 1570 1104 ecfo-

1249 1130 1333 1170 dito
1353 1144 1421 1181 per
1440 1132 1568 1169 solum

239 1196 349 1244 mihi,
372 1198 649 1245 Menaechme,
670 1196 700 1235 si
722 1198 845 1235 ullum
867 1197 1032 1236 uerbum
1054 1197 1142 1235 faxo
1162 1195 1236 1234 nisi
1256 1197 1365 1246 quod
1386 1195 1552 1235 iusseris.

241 1263 356 1300 ΜΕΝ.
387 1263 564 1301 concede
585 1263 662 1300 huc
683 1275 706 1301 a
726 1261 884 1301 foribus.
949 1263 1017 1300 ΡΕ.
1050 1262 1126 1300 fiat.
1188 1263 1302 1300 MEN.
1334 1261 1451 1301 etiam
1479 1275 1569 1300 con-

1101 1328 1198 1366 cede
1218 1329 1306 1366 huc.
1366 1329 1434 1365 ΡΕ.
1466 1326 1566 1366 licet.

242 1394 356 1431 ΜΕΝ.
387 1392 504 1431 etiam
526 1406 632 1431 nunc
652 1394 828 1432 concede
848 1394 1034 1431 audacter
1053 1393 1103 1432 ab
1125 1393 1284 1432 leonino
1303 1406 1414 1431 cauo.

240 1460 309 1496 ΡΕ.
340 1472 388 1497 eu
410 1459 552 1508 edepol
570 1461 576 1496 !
607 1471 657 1497 ne
679 1467 730 1506 tu,
754 1466 796 1496 ut
816 1471 889 1508 ego
909 1457 1061 1508 opinor,
1084 1472 1189 1498 esses
1209 1459 1373 1510 agitator
1393 1459 1550 1509 probus.

240 1525 354 1562 ΜΕΝ.
375 1524 539 1574 quidum
554 1526 570 1562 ?
601 1526 668 1562 ΡΕ.
688 1537 738 1563 ne
754 1532 792 1562 te
813 1537 909 1562 uxor
922 1532 1109 1574 sequatur
1122 1532 1319 1575 respectas
1335 1524 1563 1564 identidem.

239 1589 353 1626 ΜΕΝ.
386 1590 455 1627 sed
483 1588 579 1639 quid
605 1588 692 1627 ais?
749 1591 817 1628 ΡΕ.
849 1591 1005 1640 egone?
1034 1589 1074 1628 id
1098 1590 1203 1629 enim
1231 1591 1339 1641 quod
1364 1598 1406 1629 tu
1433 1590 1503 1638 uis,
1526 1589 1566 1628 id

1171 1655 1234 1694 aio
1253 1663 1372 1706 atque
1391 1655 1431 1694 id
1452 1668 1564 1706 nego.

239 1720 353 1758 ΜΕΝ.
386 1719 529 1769 ecquid
551 1727 591 1758 tu
613 1721 663 1759 de
684 1722 806 1760 odore
827 1721 964 1773 possis,
983 1721 1014 1760 si
1035 1720 1131 1772 quid
1153 1722 1251 1760 sorte
1271 1721 1458 1767 olfeceris,

237 1786 364 1823 facere
383 1785 649 1824 coniecturam
708 1801 725 1822 *
757 1789 774 1825 P
938 1801 956 1821 *

237 1891 582 1979 ss51317012⁷fs⁶2¹53ff0>
598 1894 739 1977 ‘5352'ssss
872 1906 931 1978 3?
955 1895 1156 1972 {Zqiiass‘lif‘st
1180 1894 1561 1977 M.(1·.1{⁰Mpgri.g)eo‘ggss

239 1978 352 2017 (quasi
364 1977 448 2008 illud
464 1979 489 2010 E
507 1985 583 2011 nola
597 1987 754 2022 pers-onae
768 1982 860 2018 esset)
1002 1994 1061 2022 152
1086 1994 1140 2015 ux.
1163 1981 1248 2024 [est]
1264 1983 1329 2014 cod.
1348 1982 1490 2014 Clmn‘m'i
1504 1992 1563 2021 145

238 2021 292 2051 ubi
317 2021 432 2060 pulcre
460 2022 590 2065 Ussing,
619 2025 676 2056 sed
700 2027 738 2065 cs.
768 2025 888 2056 Vahlen
919 2026 1000 2065 (jud.
1027 2027 1088 2058 lect.
1112 2026 1254 2058 Berolin.
1276 2028 1385 2067 1901),
1411 2026 1468 2067 qui
1492 2025 1567 2066 legi!

238 2063 276 2095 cl.
305 2075 357 2096 ux.
385 2070 436 2096 est
461 2067 514 2097 ubi
541 2078 611 2108 sep.
633 2069 774 2100 habeam
799 2074 865 2109 atq.
886 2071 917 2102 h.
939 2071 1130 2101 comburam
1154 2070 1184 2102 d.
1321 2081 1393 2109 154,
1414 2079 1474 2110 155
1498 2069 1562 2100 iam

238 2109 314 2138 dum
339 2109 469 2140 bilicum
495 2112 562 2144 cod.
582 2114 671 2152 (corr,
686 2111 746 2147 3²)
827 2118 879 2144 est
905 2118 978 2154 post
1000 2119 1151 2145 mortuus
1175 2113 1263 2146 codd.
1284 2113 1377 2144 Gellii
1397 2124 1427 2154 3.
1458 2123 1506 2152 14,
1525 2113 1566 2143 16

241 2154 267 2191 (³
278 2153 296 2184 ι’.
310 2163 334 2184 e.
350 2155 529 2191 mortuost)
670 2157 730 2195 156
749 2167 826 2196 qum
845 2156 926 2194 cod.,
939 2161 975 2187 ut
991 2156 1052 2189 vid.
1192 2167 1253 2197 159
1271 2157 1385 2189 accedit
1400 2158 1432 2188 A
1447 2167 1454 2194 ;
1482 2165 1565 2195 159-

239 2206 278 2236 72
299 2198 419 2237 priores
437 2198 506 2238 stre
525 2209 678 2229 vertutum
694 2204 802 2239 partes
817 2201 972 2241 leguntur
1075 2201 1135 2232 160
1150 2201 1199 2232 vel
1213 2201 1314 2241 opino
1421 2201 1481 2231 162
1496 2199 1562 2239 ais]

237 2240 308 2278 agis
325 2240 357 2270 l>
413 2241 482 2282 aio]
508 2247 563 2273 ato
587 2242 625 2280 P,
653 2243 685 2273 A
713 2255 744 2274 n.
773 2243 792 2275 Ι.
814 2245 905 2279 (corr.
924 2245 957 2274 r'n
971 2243 1016 2281 Β)
1076 2255 1163 2284 nega
1179 2243 1218 2283 P,
1237 2244 1270 2274 A
1289 2255 1322 2275 n.
1343 2243 1362 2275 I.
1388 2244 1482 2283 (corr.
1499 2241 1562 2281 ΒΖ)

241 2285 301 2322 163
319 2284 368 2314 vc!
381 2284 457 2316 old-f.
596 2287 664 2325 164.
689 2289 747 2325 165
765 2287 874 2318 facere
891 2287 1116 2319 coniecturam
1129 2292 1261 2327 captum
1278 2288 1322 2319 sit
1339 2287 1516 2326 conegium
1533 2285 1566 2317 P

239 2327 302 2367 (iii.
319 2338 330 2358 1
342 2337 367 2363 1,
386 2339 415 2368 p.
432 2330 505 2360 62⁸1:
531 2329 596 2359 duo
612 2340 723 2360 versus
738 2331 771 2360 in
789 2331 821 2360 A
840 2342 847 2361 τ
873 2331 982 2363 facere
999 2331 1200 2370 coiecturam
1217 2341 1293 2370 cum
1310 2331 1320 2371 i
1342 2350 1377 2355 —
1397 2330 1402 2374 Ι
1423 2330 1506 2370 Cupi
1521 2354 1527 2360 .
1544 2339 1563 2365 S

238 2394 244 2400 .
263 2394 269 2400 .
287 2381 345 2401 asu
366 2394 371 2400 .
391 2381 442 2401 ius
458 2383 610 2403 coniec—

1589 1444 1693 1518 1602,

1688 2426 1693 2434 .
1684 2404 1693 2415 ς

1704 2541 1713 2671 .--ψῃ
1705 2383 1719 2530 -.ἳψονᾶ
1705 2364 1710 2373 .
1704 2254 1711 2346 ...qs-A„
1706 2211 1711 2243 ..-
1710 2193 1711 2198 Α
1707 2123 1710 2136 ..
1707 2082 1710 2094 -
