1727 2702
110 110 179 148 IV.
199 110 246 146 ix
615 107 661 144 T.
695 104 875 144 MACCI
908 104 1111 142 PLAVTI

202 223 262 260 uel
285 228 325 259 ut
346 233 483 259 aurum
506 220 646 270 perdas
668 219 729 256 uel
751 224 793 256 ut
813 224 965 255 amator
985 216 1155 268 peiieret.

201 300 274 337 ego
296 299 424 336 neque
445 293 482 323 te
503 284 622 322 iubeo
643 296 771 333 neque
792 270 888 321 uoto
909 295 1038 332 neque
1058 282 1217 320 suadeo.

145 362 184 396 70
203 354 238 390 N
246 365 268 390 1.
302 351 456 389 miseret
477 363 541 388 me
560 348 673 387 illius.
733 348 810 388 CH.
843 355 932 385 tuos
953 355 1022 394 est,
1045 360 1125 386 non
1147 346 1288 385 mirum
1309 345 1414 385 facis.

200 416 230 455 si
253 418 338 466 plus
361 415 610 466 perdundum
631 412 690 460 sit,
713 411 873 463 periisse
893 411 1069 450 suauiust
1554 426 1639 465 1045

199 495 318 532 quam
340 481 435 518 illud
457 478 645 529 flagitium
666 479 785 528 uolgo
805 476 1076 527 dispalescere.

202 547 267 585 Νι.
300 560 349 584 ne
370 545 432 584 ille
453 544 595 594 edepol
618 541 765 593 Ephesi
787 543 912 580 multo
933 542 1141 580 mauellem
1163 541 1272 587 foret,

201 613 297 650 dum
318 612 448 649 saluos
469 616 580 655 esset,
604 620 723 658 quam
744 606 960 645 reuenisset
981 607 1157 644 domum.

139 687 178 721 75
201 676 296 726 quid
317 664 526 725 egdistie?
554 673 663 723 quod
684 672 973 722 perdundumst
994 683 1198 720 properem
1220 670 1392 720 perdere.

201 741 314 779 binos
335 742 528 779 ducentos
551 737 754 787 Philippos
774 735 851 773 iam
874 735 978 773 intus
999 735 1181 782 ecferam,
1554 745 1644 782 1050

199 814 237 845 et
259 805 369 844 militi
391 817 490 855 quos
511 804 663 842 dudum
685 800 985 852 promiskmiser

200 879 237 910 et
260 871 363 909 istos.
424 882 539 907 mane
559 868 659 915 istic,
680 866 757 904 iam
779 878 876 904 exeo
897 866 947 904 ad
968 872 1016 911 te,
1041 865 1297 914 Chrysale.—

202 937 279 976 CH.
313 937 354 973 fit
375 943 484 973 uasta
504 932 634 979 Troia,
659 931 845 970 scindunt
866 943 1046 981 proceres
1069 931 1313 980 Pergamum.

137 1008 179 1039 80
200 1000 295 1040 sciui
317 1013 391 1049 ego
411 999 487 1037 iam
509 999 661 1036 dudum
683 998 765 1034 fore
786 1009 850 1034 me
871 994 989 1034 exitio
1011 996 1211 1044 Pergamo.

199 1067 342 1115 edepol
363 1063 430 1114 qui
452 1077 514 1102 me
536 1075 620 1101 esse
642 1061 747 1101 dicat
769 1060 943 1100 cruciatu
966 1061 1071 1098 malo
1555 1072 1641 1109 1055

199 1131 374 1181 dignum,
398 1142 447 1167 ne
468 1141 541 1178 ego
562 1141 651 1165 curn
676 1127 742 1164 illo
764 1126 905 1176 pignus
926 1125 1032 1163 haud
1052 1123 1178 1162 ausim
1199 1124 1317 1170 dare3

200 1204 327 1234 tantas
349 1194 534 1233 turbellas
556 1192 666 1230 facio.
728 1193 798 1230 sed
820 1190 971 1241 crepuit
992 1189 1106 1228 foris:

202 1262 368 1299 ecfertur
387 1259 532 1310 praeda
553 1272 599 1296 ex
619 1257 748 1295 Troia.
809 1264 960 1295 taceam
983 1254 1180 1293 nunciam.

142 1330 182 1369 85
205 1328 268 1364 Νι.
301 1338 398 1376 cape
419 1326 495 1362 hoc
516 1323 586 1362 tibi
607 1335 758 1369 aurum,
782 1322 981 1371 Chrysale‚
1005 1320 1027 1367 i,
1051 1321 1106 1358 fer
1127 1319 1216 1358 filio.

202 1405 275 1442 ego
294 1392 345 1429 ad
367 1391 492 1428 sorum
514 1396 646 1427 autem
664 1387 757 1426 hine
778 1386 856 1434 ibo,
880 1394 922 1424 ut
943 1387 1095 1424 soluam
1118 1384 1239 1422 militi.
1557 1389 1646 1424 1060

203 1456 280 1495 CH.
313 1468 392 1494 non
414 1453 599 1504 equidem
620 1451 823 1501 accipiam.
885 1449 997 1500 proin
1019 1457 1060 1488 tu
1081 1462 1244 1499 quaeras
1265 1448 1332 1498 qui
1354 1449 1459 1486 serat.

202 1522 296 1560 nolo
316 1532 389 1570 ego
411 1518 505 1556 mihi
527 1517 643 1556 credi.
706 1518 771 1554 Νι.
805 1529 902 1566 cape
924 1528 1032 1563 uero,
1052 1514 1190 1552 odiose
1212 1513 1315 1552 sacis.

204 1587 281 1626 CH.
314 1597 394 1623 non
425 1583 611 1634 equidem
642 1581 806 1632 capiam.
868 1582 934 1619 Νι.
965 1587 1005 1618 at
1039 1591 1197 1630 quaeso.
1257 1578 1334 1617 Cn.
1367 1576 1459 1616 dico
1493 1583 1534 1614 ut

1261 1655 1320 1681 res
1340 1654 1382 1679 se
1402 1641 1531 1679 habet.

143 1727 187 1760 90
206 1717 271 1754 Νι.
305 1727 465 1753 morare.
526 1713 604 1752 CH.
637 1713 741 1759 11010,
764 1711 938 1762 inquam,
960 1723 1098 1749 aurum
1120 1707 1305 1748 concredi
1327 1706 1432 1745 mihi.

204 1782 266 1819 uel
289 1781 338 1819 da
358 1779 528 1829 aliquem
551 1777 617 1827 qui
639 1784 767 1816 seruet
789 1790 862 1815 me.
924 1777 990 1814 Νι.
1023 1776 1110 1822 ohe,
1133 1773 1271 1813 odiose
1293 1771 1396 1810 sacis.
1559 1769 1644 1813 1065

205 1847 281 1885 CH.
314 1844 425 1890 cedo,
463 1843 493 1881 si
528 1855 690 1881 necesse
725 1849 792 1880 est.
868 1842 933 1879 Νι.
966 1853 1058 1879 cura
1093 1841 1178 1878 hoc.
1239 1838 1315 1876 iam
1350 1850 1423 1887 ego
1458 1837 1534 1874 11110

1280 1914 1535 1941 reuener0.—

205 1977 282 2014 (311.
315 1981 491 2012 curatum
514 1980 714 2011 est—esse
735 1979 773 2009 te
794 1984 928 2009 senem
953 1970 1236 2009 miserrumum.

206 2043 280 2079 hoc
302 2048 359 2078 est
381 2039 537 2088 incepta
558 2038 710 2076 efficere
732 2038 894 2087 pulchre
914 2053 920 2075 :
957 2036 1077 2075 ueluti
1101 2035 1152 2074 mi

146 2118 187 2151 95
206 2106 337 2146 euenit
359 2113 400 2144 ut
421 2118 545 2143 ouans
566 2104 710 2154 praeda
730 2110 895 2141 onustus
915 2103 1095 2141 cederem
1114 2116 1123 2148 ;

255 2220 335 2249 1052
359 2209 407 2240 vel
431 2208 484 2238 isti
622 2215 704 2244 1054
730 2205 868 2236 exitium
896 2204 960 2237 cod.
989 2204 1041 2244 (ch
1071 2204 1151 2244 947)
1289 2202 1371 2232 1060
1395 2200 1534 2231 militem

207 2255 271 2285 cod.
292 2257 365 2293 (pro
383 2252 497 2282 militci
514 2254 535 2290 ἲ)
553 2250 599 2290 cf
616 2249 753 2290 Sjiigsen
772 2252 871 2288 ‘pm-t.
894 2247 1005 2289 copul.’
1023 2258 1052 2288 p.
1078 2248 1152 2285 148)
1245 2247 1325 2283 1065
1351 2256 1402 2275 me
1421 2249 1534 2275 seruet

208 2298 239 2327 B
258 2297 344 2337 gpcn
362 2307 394 2327 n.
417 2296 452 2334 Ι.)
472 2307 478 2325 :
502 2304 577 2324 corr.
599 2292 784 2330 Hermann,
807 2296 908 2321 metro
929 2292 1098 2322 consulens
1262 2289 1344 2318 1068
1368 2288 1406 2318 de
1431 2287 1534 2317 uelut!

209 2342 249 2371 mi
267 2341 302 2375 (fi
324 2338 470 2377 Lsmlsay
483 2338 582 2379 prad.
600 2337 632 2366 in
652 2335 743 2376 Capi.
763 2346 793 2375 p.
813 2337 876 2373 69:
901 2334 1024 2364 bellule
1044 2334 1088 2364 Mi
1112 2333 1173 2362 Leo
1275 2333 1356 2370 1069
1380 2331 1533 2361 cederem

208 2385 353 2423 Scalrgae’r
369 2394 375 2412 z
402 2382 592 2412 incederem
609 2379 687 2418 cod„
706 2378 796 2418 quod
810 2382 937 2408 tutatur
951 2377 1016 2407 Lro
