1727 2712
646 120 908 159 EPIDICVS
1371 120 1448 158 III.
1471 120 1518 156 iv

28 230 97 274 460
114 237 156 268 ut
176 230 285 278 dicis,
307 231 395 269 emi.
457 231 530 268 M1.
562 231 656 269 uolo
677 238 714 269 te
734 230 864 268 uerbis
884 229 1062 280 pauculis

113 294 143 333 si
166 295 236 334 tibi
258 297 467 334 molestum
488 309 569 334 non
590 302 658 334 est.
720 297 787 333 PE.
820 308 900 333 non
922 296 1064 346 edepol
1086 295 1168 334 scio
1469 316 1508 348 ²5

115 362 324 399 molestum
346 375 471 400 necne
492 361 551 408 sit,
575 360 649 399 nisi
669 360 767 399 dicis
788 359 884 410 quid
906 360 1013 398 uelis.

114 426 186 463 M1.
217 425 313 464 mihi
334 425 440 464 illam
462 428 503 464 ut
524 425 725 472 tramittas,
748 432 951 475 argentum
973 425 1154 475 accipias.
1210 428 1281 464 PE.
1308 427 1449 465 adest?

115 490 187 526 M1.
220 503 311 528 nam
333 490 429 540 quid
450 503 523 540 ego
543 490 651 539 apud
672 496 709 528 te
730 502 822 527 uera
843 503 999 539 parcam
1021 490 1234 540 proloqui?

25 555 90 600 465
111 566 184 603 ego
205 554 310 592 illam
331 556 424 593 uolo
445 554 565 593 hodie
586 555 713 593 facere
733 554 914 593 libertam
936 567 1064 592 meam

112 618 207 657 mihi
228 619 452 658 concubina
473 633 574 670 quae
595 619 653 657 sit.
715 621 783 657 PE.
816 627 854 657 te
875 620 1078 669 apsoluam
1101 619 1210 658 breui
1229 635 1236 658 :
1469 638 1511 669 30

109 684 258 734 argenti
279 684 564 735 quinquaginta
585 684 681 722 mihi
702 683 767 722 illa
787 691 919 734 empta
940 691 998 722 est
1019 683 1135 722 minis
1150 699 1160 732 3

111 749 141 787 si
162 749 360 799 sexaginta
382 749 477 788 mihi
499 751 807 788 denumerantur
828 749 967 795 minae,

109 822 196 853 tuas
216 814 434 865 p6ssidebit
456 814 595 853 mulier
615 816 703 853 faxo
724 814 836 853 ferias
854 829 862 861 3

23 892 92 928 470
110 886 228 929 atque
248 878 302 918 ita
322 880 499 930 profecto
519 887 561 917 ut
583 892 669 917 eam
691 892 737 917 ex
757 880 834 917 hoc
855 892 1042 918 exoneres
1064 893 1166 930 agro.

111 945 183 982 M1.
215 951 325 983 estne
345 952 478 994 empta
499 943 595 982 mihi
616 943 698 982 istis
719 944 903 993 legibus?
961 946 1028 983 PE.
1062 945 1208 983 habeas
1230 945 1330 984 licet.
1466 963 1506 995 35

110 1010 184 1047 M1.
214 1008 473 1047 conciliauisti
493 1010 666 1059 pulchre.
710 1010 795 1061 ¹PE.
829 1010 948 1046 heus!
980 1010 1081 1047 foras
1103 1010 1260 1048 educite

107 1087 226 1124 quam
247 1073 516 1112 introduxistis
537 1073 748 1112 fidicinam.
808 1081 927 1124 atque
948 1074 1065 1112 etiam
1087 1076 1196 1122 fides,

108 1138 144 1177 ei
164 1151 265 1189 quae
285 1151 495 1186 accessere,
519 1138 590 1177 tibi
611 1140 756 1177 addam
778 1140 887 1178 dono
906 1139 1048 1190 gratiis.

251 1253 621 1290 PER1PHANES
735 1253 914 1289 M1LES
1027 1253 1300 1291 FIDICINA
1463 1254 1550 1292 iva

21 1345 86 1382 475
109 1335 176 1372 ΡΕ.
209 1335 294 1384 Age
313 1333 449 1384 accipe
469 1334 572 1372 hanc
593 1333 655 1372 sis.
717 1335 789 1371 M1.
822 1346 923 1383 quae
945 1341 982 1372 te
1003 1333 1259 1383 intemperiae
1279 1337 1444 1374 tenent?

107 1412 204 1449 quas
225 1407 266 1437 tu
288 1399 383 1437 mihi
405 1399 587 1437 tenebras
609 1398 762 1437 trudis?
794 1398 889 1448 quin
911 1407 951 1436 tu
973 1398 1174 1438 fidicinam

105 1464 270 1515 produci
292 1464 396 1502 intus
417 1464 559 1503 iubes?
617 1466 684 1502 PE.
719 1465 815 1503 haec
837 1477 928 1514 ergo
949 1472 1006 1503 est
1028 1464 1197 1503 fidicina.

105 1530 168 1569 hic
188 1530 263 1569 alia
285 1532 436 1569 nullast.
500 1532 571 1568 M1.
605 1544 686 1568 non
708 1530 803 1568 mihi
826 1530 959 1580 nugari
980 1538 1103 1580 potes.

103 1594 198 1645 quin
221 1604 262 1634 tu
283 1596 360 1634 huc
381 1596 566 1645 producis
588 1595 789 1634 fidicinam
811 1594 1174 1645 Acropolistidem?
1459 1613 1476 1644 5

18 1662 87 1705 480
106 1662 175 1698 PE.
199 1662 295 1699 haec
312 1660 524 1710 inquamst.
569 1661 641 1698 M1.
661 1674 742 1698 non
755 1661 853 1699 haec
866 1660 1075 1710 inquamst.
1109 1673 1189 1698 non
1204 1660 1362 1700 nouisse
1376 1675 1439 1700 me

105 1738 233 1765 meam
255 1726 337 1764 rere
356 1725 524 1764 amicam
546 1728 691 1776 posse?
748 1728 815 1764 PE.
848 1727 964 1771 hanc,
984 1725 1158 1776 inquam,
1182 1726 1283 1764 filius

104 1793 205 1829 meu'
226 1790 430 1841 deperibat
450 1790 662 1829 fidicinam.
725 1792 797 1829 M1.
830 1792 927 1830 haec
949 1804 1029 1829 non
1050 1800 1108 1829 est
1128 1805 1184 1830 ea.

103 1857 173 1894 PE.
204 1855 330 1906 quid?
359 1869 440 1894 non
467 1857 555 1894 est?
613 1858 686 1894 M1.
719 1869 799 1894 non
830 1863 899 1894 est.
960 1858 1028 1894 PE.
1062 1858 1166 1895 unde
1197 1858 1294 1895 haec
1324 1857 1438 1908 igitur

1193 1922 1407 1971 gentiumst
1421 1925 1436 1961 ?

102 1985 286 2035 equidem
308 1986 438 2024 hercle
458 1992 662 2035 argentum
685 1998 755 2036 pro
775 1986 849 2024 hac
869 1985 974 2024 dedi.
1036 1987 1109 2023 Mr.
1141 1987 1257 2024 stulte
1279 1988 1414 2025 datum
1457 2003 1495 2025 10

145 2098 209 2135 462
230 2106 338 2127 necne
354 2095 414 2136 sit]
435 2106 500 2126 non
519 2100 570 2126 est
588 2095 683 2135 1³<ch
696 2106 724 2127 v.
740 2097 811 2135 461,
824 2096 882 2126 ubi
896 2101 996 2127 nonst
1010 2101 1184 2137 perperam
1198 2098 1355 2136 srm'ptum
1367 2103 1412 2128 est
1427 2110 1432 2136 ;

103 2141 134 2172 ii.
154 2141 188 2179 4‘)
280 2139 362 2181 nisi]
387 2139 470 2170 nihil
495 2139 528 2169 A
620 2140 710 2179 quod
728 2139 760 2169 A
870 2142 933 2178 463
957 2139 1068 2180 adest]
1089 2140 1215 2170 habeas
1231 2139 1265 2169 P
1369 2143 1432 2180 464

103 2193 182 2214 uera
210 2182 326 2214 Goetz:
360 2183 464 2214 uerba
480 2182 538 2213 A:
569 2193 634 2214 om.
659 2181 692 2213 P
834 2185 897 2222 465
921 2184 971 2214 vel
993 2184 1093 2213 illanc
1184 2184 1284 2214 hodie
1309 2184 1384 2214 uolo
1402 2185 1436 2214 P

104 2227 168 2266 466
191 2231 249 2257 aut
273 2227 331 2258 PE.
358 2231 418 2257 aut
440 2232 473 2257 te
500 2237 565 2258 om.
594 2226 627 2256 A
658 2225 762 2267 (3A1)
905 2237 965 2266 471
993 2227 1073 2257 mihi
1102 2227 1220 2268 [haec]
1248 2226 1281 2256 P
1323 2228 1364 2258 iv.
1394 2229 1429 2265 2)

103 2281 167 2309 472
192 2281 284 2302 conc.
313 2270 380 2310 pul.
406 2270 585 2311 Pemphanz'
604 2270 773 2300 continuat
796 2269 828 2300 P
850 2274 886 2300 ut
908 2269 971 2302 vid.
1106 2280 1169 2308 474
1196 2271 1285 2301 dono
1310 2272 1430 2302 addam

103 2313 194 2354 Bn'x,
210 2314 264 2345 cui
278 2314 334 2345 tibi
352 2315 471 2344 addam
489 2314 577 2344 dono
594 2312 733 2354 displicet
820 2314 913 2344 nulla
931 2323 1014 2344 nova
1031 2324 1144 2344 scaena
1162 2315 1195 2344 in
1213 2314 1246 2344 P
1366 2325 1429 2354 475

103 2362 136 2388 te
152 2367 217 2388 om.
236 2357 268 2388 P
397 2367 458 2397 477
486 2358 578 2388 intus
596 2357 690 2388 iubes
708 2357 847 2397 produci
864 2357 1076 2396 Brugmcmu,
1098 2357 1247 2397 rhythmo
1264 2359 1430 2389 consulens

102 2401 162 2442 481
190 2411 260 2434 earn
279 2400 313 2432 P
398 2401 515 2444 posse]
535 2411 612 2432 esse
628 2402 660 2431 A
791 2401 854 2441 483
877 2400 926 2432 vel
941 2400 1030 2440 Quid
1051 2402 1057 2418 ‘
1073 2411 1139 2432 non
1157 2406 1209 2432 est
1225 2402 1231 2416 '
1246 2404 1254 2433 ³
