<?xml version="1.0" encoding="UTF-8"?>
<!DOCTYPE html PUBLIC "-//W3C//DTD XHTML 1.0 Transitional//EN"
    "http://www.w3.org/TR/xhtml1/DTD/xhtml1-transitional.dtd">
<html xmlns="http://www.w3.org/1999/xhtml" xml:lang="en" lang="en">
 <head>
  <title>
</title>
<meta http-equiv="Content-Type" content="text/html;charset=utf-8" />
  <meta name='ocr-system' content='tesseract 3.04.00' />
  <meta name='ocr-capabilities' content='ocr_page ocr_carea ocr_par ocr_line ocrx_word'/>
</head>
<body>
  <div class='ocr_page' id='page_1' title='image "./comoediaerecogno01plauuoft_0141.png"; bbox 0 0 1727 2712; ppageno 0'>
   <div class='ocr_carea' id='block_1_1' title="bbox 667 104 1539 146">
    <p class='ocr_par' dir='ltr' id='par_1_1' title="bbox 667 104 1539 146">
     <span class='ocr_line' id='line_1_1' title="bbox 667 104 1539 146; baseline -0.001 -2"><span class='ocrx_word' id='word_1_1' title='bbox 667 105 993 145; x_wconf 90' lang='lat' dir='ltr'><strong>AVLVLARIA</strong></span> <span class='ocrx_word' id='word_1_2' title='bbox 1458 104 1487 146; x_wconf 87' lang='lat' dir='ltr'>I.</span> <span class='ocrx_word' id='word_1_3' title='bbox 1509 106 1539 143; x_wconf 81' lang='lat'>11</span> 
     </span>
    </p>
   </div>
   <div class='ocr_carea' id='block_1_2' title="bbox 523 258 1542 297">
    <p class='ocr_par' dir='ltr' id='par_1_2' title="bbox 523 258 1542 297">
     <span class='ocr_line' id='line_1_2' title="bbox 523 258 1542 297; baseline 0 -2"><span class='ocrx_word' id='word_1_4' title='bbox 523 258 735 296; x_wconf 82' lang='lat' dir='ltr'>EVCL1o</span> <span class='ocrx_word' id='word_1_5' title='bbox 845 260 1140 297; x_wconf 75' lang='lat' dir='ltr'>STAPHVLA</span> <span class='ocrx_word' id='word_1_6' title='bbox 1513 260 1542 296; x_wconf 91' lang='lat' dir='ltr'>ii</span> 
     </span>
    </p>
   </div>
   <div class='ocr_carea' id='block_1_3' title="bbox 77 350 1558 2302">
    <p class='ocr_par' dir='ltr' id='par_1_3' title="bbox 77 350 1558 2302">
     <span class='ocr_line' id='line_1_3' title="bbox 167 350 1332 401; baseline 0.002 -13"><span class='ocrx_word' id='word_1_7' title='bbox 167 352 263 389; x_wconf 88' lang='lat' dir='ltr'>Evc.</span> <span class='ocrx_word' id='word_1_8' title='bbox 298 351 416 388; x_wconf 88' lang='lat' dir='ltr'>Nunc</span> <span class='ocrx_word' id='word_1_9' title='bbox 437 350 641 388; x_wconf 80' lang='lat' dir='ltr'>defaecato</span> <span class='ocrx_word' id='word_1_10' title='bbox 663 352 823 389; x_wconf 87' lang='lat' dir='ltr'>demum</span> <span class='ocrx_word' id='word_1_11' title='bbox 845 351 979 390; x_wconf 85' lang='lat' dir='ltr'>animo</span> <span class='ocrx_word' id='word_1_12' title='bbox 1000 352 1178 401; x_wconf 77' lang='lat' dir='ltr'>egredior</span> <span class='ocrx_word' id='word_1_13' title='bbox 1199 353 1332 398; x_wconf 76' lang='lat' dir='ltr'>donm,</span> 
     </span>
     <span class='ocr_line' id='line_1_4' title="bbox 101 415 1101 466; baseline -0.002 -9"><span class='ocrx_word' id='word_1_14' title='bbox 101 423 147 458; x_wconf 86' lang='lat'>80</span> <span class='ocrx_word' id='word_1_15' title='bbox 165 423 375 466; x_wconf 85' lang='lat' dir='ltr'>postquam</span> <span class='ocrx_word' id='word_1_16' title='bbox 397 415 575 465; x_wconf 75' lang='lat' dir='ltr'><strong>perspexi</strong></span> <span class='ocrx_word' id='word_1_17' title='bbox 597 417 705 454; x_wconf 89' lang='lat' dir='ltr'>salua</span> <span class='ocrx_word' id='word_1_18' title='bbox 725 429 810 454; x_wconf 88' lang='lat' dir='ltr'>esse</span> <span class='ocrx_word' id='word_1_19' title='bbox 831 416 935 454; x_wconf 89' lang='lat' dir='ltr'>intus</span> <span class='ocrx_word' id='word_1_20' title='bbox 956 416 1101 455; x_wconf 84' lang='lat' dir='ltr'>onmia.</span> 
     </span>
     <span class='ocr_line' id='line_1_5' title="bbox 164 480 1376 533; baseline 0.001 -14"><span class='ocrx_word' id='word_1_21' title='bbox 164 481 246 520; x_wconf 91' lang='lat' dir='ltr'>redi</span> <span class='ocrx_word' id='word_1_22' title='bbox 268 480 453 519; x_wconf 78' lang='lat' dir='ltr'>nunciam</span> <span class='ocrx_word' id='word_1_23' title='bbox 474 480 715 531; x_wconf 77' lang='lat' dir='ltr'>intr0¹atque</span> <span class='ocrx_word' id='word_1_24' title='bbox 736 480 840 519; x_wconf 91' lang='lat' dir='ltr'>intus</span> <span class='ocrx_word' id='word_1_25' title='bbox 860 494 982 520; x_wconf 87' lang='lat' dir='ltr'>serua.</span> <span class='ocrx_word' id='word_1_26' title='bbox 1042 483 1133 520; x_wconf 76' lang='lat' dir='ltr'>STA.</span> <span class='ocrx_word' id='word_1_27' title='bbox 1166 481 1376 533; x_wconf 83' lang='lat' dir='ltr'>quippini?</span> 
     </span>
     <span class='ocr_line' id='line_1_6' title="bbox 164 545 1154 597; baseline 0 -12"><span class='ocrx_word' id='word_1_28' title='bbox 164 560 237 597; x_wconf 88' lang='lat' dir='ltr'>ego</span> <span class='ocrx_word' id='word_1_29' title='bbox 258 545 362 584; x_wconf 88' lang='lat' dir='ltr'>intus</span> <span class='ocrx_word' id='word_1_30' title='bbox 382 548 567 584; x_wconf 85' lang='lat' dir='ltr'>seruem?</span> <span class='ocrx_word' id='word_1_31' title='bbox 595 559 646 584; x_wconf 89' lang='lat' dir='ltr'>an</span> <span class='ocrx_word' id='word_1_32' title='bbox 666 559 717 584; x_wconf 93' lang='lat' dir='ltr'>ne</span> <span class='ocrx_word' id='word_1_33' title='bbox 736 545 824 596; x_wconf 92' lang='lat' dir='ltr'>quis</span> <span class='ocrx_word' id='word_1_34' title='bbox 844 546 953 585; x_wconf 82' lang='lat' dir='ltr'>aedis</span> <span class='ocrx_word' id='word_1_35' title='bbox 974 548 1154 585; x_wconf 86' lang='lat' dir='ltr'>auferat?</span> 
     </span>
     <span class='ocr_line' id='line_1_7' title="bbox 163 611 1533 662; baseline 0.003 -13"><span class='ocrx_word' id='word_1_36' title='bbox 163 625 255 650; x_wconf 85' lang='lat' dir='ltr'>narn</span> <span class='ocrx_word' id='word_1_37' title='bbox 276 611 340 650; x_wconf 93' lang='lat' dir='ltr'>hic</span> <span class='ocrx_word' id='word_1_38' title='bbox 360 612 467 661; x_wconf 82' lang='lat' dir='ltr'>apud</span> <span class='ocrx_word' id='word_1_39' title='bbox 488 625 560 650; x_wconf 91' lang='lat' dir='ltr'>nos</span> <span class='ocrx_word' id='word_1_40' title='bbox 582 611 678 649; x_wconf 87' lang='lat' dir='ltr'>nihil</span> <span class='ocrx_word' id='word_1_41' title='bbox 699 619 757 650; x_wconf 87' lang='lat' dir='ltr'>est</span> <span class='ocrx_word' id='word_1_42' title='bbox 776 611 884 650; x_wconf 90' lang='lat' dir='ltr'>aliud</span> <span class='ocrx_word' id='word_1_43' title='bbox 904 612 1057 662; x_wconf 81' lang='lat' dir='ltr'><strong>quaesti</strong></span> <span class='ocrx_word' id='word_1_44' title='bbox 1079 612 1240 659; x_wconf 86' lang='lat' dir='ltr'>furibus,</span> <span class='ocrx_word' id='word_1_45' title='bbox 1518 619 1533 654; x_wconf 89' lang='grc'><strong><em>5</em></strong></span> 
     </span>
     <span class='ocr_line' id='line_1_8' title="bbox 163 676 1015 727; baseline 0.001 -13"><span class='ocrx_word' id='word_1_46' title='bbox 163 676 217 715; x_wconf 91' lang='lat' dir='ltr'>ita</span> <span class='ocrx_word' id='word_1_47' title='bbox 237 676 377 715; x_wconf 90' lang='lat' dir='ltr'>inaniis</span> <span class='ocrx_word' id='word_1_48' title='bbox 398 684 490 715; x_wconf 82' lang='lat' dir='ltr'>sunt</span> <span class='ocrx_word' id='word_1_49' title='bbox 510 678 693 727; x_wconf 82' lang='lat' dir='ltr'>oppletae</span> <span class='ocrx_word' id='word_1_50' title='bbox 713 684 832 726; x_wconf 83' lang='lat' dir='ltr'>atque</span> <span class='ocrx_word' id='word_1_51' title='bbox 853 677 1015 716; x_wconf 87' lang='lat' dir='ltr'>araneis.</span> 
     </span>
     <span class='ocr_line' id='line_1_9' title="bbox 100 741 1222 793; baseline -0.002 -11"><span class='ocrx_word' id='word_1_52' title='bbox 100 747 142 791; x_wconf 83' lang='lat'>85</span> <span class='ocrx_word' id='word_1_53' title='bbox 166 743 263 780; x_wconf 87' lang='lat' dir='ltr'>EVC.</span> <span class='ocrx_word' id='word_1_54' title='bbox 296 741 438 780; x_wconf 91' lang='lat' dir='ltr'>mirum</span> <span class='ocrx_word' id='word_1_55' title='bbox 459 741 555 792; x_wconf 92' lang='lat' dir='ltr'>quin</span> <span class='ocrx_word' id='word_1_56' title='bbox 577 749 644 780; x_wconf 85' lang='lat' dir='ltr'>tua</span> <span class='ocrx_word' id='word_1_57' title='bbox 664 755 727 780; x_wconf 90' lang='lat' dir='ltr'>me</span> <span class='ocrx_word' id='word_1_58' title='bbox 747 755 886 780; x_wconf 80' lang='lat' dir='ltr'>caussa</span> <span class='ocrx_word' id='word_1_59' title='bbox 906 742 1021 781; x_wconf 83' lang='lat' dir='ltr'>faciat</span> <span class='ocrx_word' id='word_1_60' title='bbox 1044 742 1222 793; x_wconf 86' lang='lat' dir='ltr'>Iuppiter</span> 
     </span>
     <span class='ocr_line' id='line_1_10' title="bbox 164 807 1099 858; baseline 0.001 -13"><span class='ocrx_word' id='word_1_61' title='bbox 164 807 390 858; x_wconf 83' lang='lat' dir='ltr'>Philippum</span> <span class='ocrx_word' id='word_1_62' title='bbox 412 821 542 858; x_wconf 90' lang='lat' dir='ltr'>regem</span> <span class='ocrx_word' id='word_1_63' title='bbox 563 815 630 846; x_wconf 89' lang='lat' dir='ltr'>aut</span> <span class='ocrx_word' id='word_1_64' title='bbox 653 808 838 854; x_wconf 81' lang='lat' dir='ltr'>Dareum,</span> <span class='ocrx_word' id='word_1_65' title='bbox 862 807 1099 846; x_wconf 78' lang='lat' dir='ltr'>triuenefica.</span> 
     </span>
     <span class='ocr_line' id='line_1_11' title="bbox 162 872 887 923; baseline 0 -13"><span class='ocrx_word' id='word_1_66' title='bbox 162 886 324 911; x_wconf 89' lang='lat' dir='ltr'>araneas</span> <span class='ocrx_word' id='word_1_67' title='bbox 345 872 398 910; x_wconf 90' lang='lat' dir='ltr'>mi</span> <span class='ocrx_word' id='word_1_68' title='bbox 419 886 492 923; x_wconf 89' lang='lat' dir='ltr'>ego</span> <span class='ocrx_word' id='word_1_69' title='bbox 514 872 597 910; x_wconf 89' lang='lat' dir='ltr'>illas</span> <span class='ocrx_word' id='word_1_70' title='bbox 619 872 763 910; x_wconf 89' lang='lat' dir='ltr'>seruari</span> <span class='ocrx_word' id='word_1_71' title='bbox 784 874 887 911; x_wconf 86' lang='lat' dir='ltr'>uolo.</span> 
     </span>
     <span class='ocr_line' id='line_1_12' title="bbox 163 937 1558 989; baseline -0.001 -13"><span class='ocrx_word' id='word_1_72' title='bbox 163 952 311 989; x_wconf 84' lang='lat' dir='ltr'>pauper</span> <span class='ocrx_word' id='word_1_73' title='bbox 331 951 417 976; x_wconf 91' lang='lat' dir='ltr'>surn</span> <span class='ocrx_word' id='word_1_74' title='bbox 433 953 442 985; x_wconf 78' lang='lat'><em>3</em></span> <span class='ocrx_word' id='word_1_75' title='bbox 472 939 606 985; x_wconf 88' lang='lat' dir='ltr'>fateor,</span> <span class='ocrx_word' id='word_1_76' title='bbox 630 937 779 988; x_wconf 76' lang='lat' dir='ltr'>patior3</span> <span class='ocrx_word' id='word_1_77' title='bbox 809 940 918 988; x_wconf 91' lang='lat' dir='ltr'>quod</span> <span class='ocrx_word' id='word_1_78' title='bbox 939 939 978 978; x_wconf 92' lang='lat' dir='ltr'>di</span> <span class='ocrx_word' id='word_1_79' title='bbox 1001 940 1097 977; x_wconf 86' lang='lat' dir='ltr'>dant</span> <span class='ocrx_word' id='word_1_80' title='bbox 1118 940 1209 977; x_wconf 85' lang='lat' dir='ltr'>fero.</span> <span class='ocrx_word' id='word_1_81' title='bbox 1519 952 1558 974; x_wconf 91' lang='lat'>10</span> 
     </span>
     <span class='ocr_line' id='line_1_13' title="bbox 162 1003 1155 1054; baseline 0 -12"><span class='ocrx_word' id='word_1_82' title='bbox 162 1004 227 1042; x_wconf 84' lang='lat' dir='ltr'>abi</span> <span class='ocrx_word' id='word_1_83' title='bbox 248 1004 360 1051; x_wconf 85' lang='lat' dir='ltr'>intro,</span> <span class='ocrx_word' id='word_1_84' title='bbox 385 1005 551 1043; x_wconf 82' lang='lat' dir='ltr'>occlude</span> <span class='ocrx_word' id='word_1_85' title='bbox 572 1003 743 1042; x_wconf 85' lang='lat' dir='ltr'>ianuam.</span> <span class='ocrx_word' id='word_1_86' title='bbox 802 1004 878 1042; x_wconf 85' lang='lat' dir='ltr'>iam</span> <span class='ocrx_word' id='word_1_87' title='bbox 900 1017 973 1054; x_wconf 90' lang='lat' dir='ltr'>ego</span> <span class='ocrx_word' id='word_1_88' title='bbox 994 1004 1057 1043; x_wconf 88' lang='lat' dir='ltr'>hic</span> <span class='ocrx_word' id='word_1_89' title='bbox 1079 1018 1155 1043; x_wconf 80' lang='lat' dir='ltr'>ero.</span> 
     </span>
     <span class='ocr_line' id='line_1_14' title="bbox 99 1068 1210 1122; baseline -0.001 -14"><span class='ocrx_word' id='word_1_90' title='bbox 99 1087 145 1122; x_wconf 91' lang='lat'>90</span> <span class='ocrx_word' id='word_1_91' title='bbox 163 1083 260 1108; x_wconf 89' lang='lat' dir='ltr'>caue</span> <span class='ocrx_word' id='word_1_92' title='bbox 281 1082 522 1119; x_wconf 86' lang='lat' dir='ltr'>quemquam</span> <span class='ocrx_word' id='word_1_93' title='bbox 543 1068 716 1107; x_wconf 85' lang='lat' dir='ltr'>alienum</span> <span class='ocrx_word' id='word_1_94' title='bbox 738 1068 777 1106; x_wconf 91' lang='lat' dir='ltr'>in</span> <span class='ocrx_word' id='word_1_95' title='bbox 797 1069 906 1108; x_wconf 85' lang='lat' dir='ltr'>aedis</span> <span class='ocrx_word' id='word_1_96' title='bbox 926 1068 1029 1107; x_wconf 91' lang='lat' dir='ltr'>intro</span> <span class='ocrx_word' id='word_1_97' title='bbox 1050 1068 1210 1107; x_wconf 81' lang='lat' dir='ltr'>miseris.</span> 
     </span>
     <span class='ocr_line' id='line_1_15' title="bbox 162 1134 1177 1186; baseline -0.001 -13"><span class='ocrx_word' id='word_1_98' title='bbox 162 1136 273 1186; x_wconf 92' lang='lat' dir='ltr'>quod</span> <span class='ocrx_word' id='word_1_99' title='bbox 293 1134 489 1185; x_wconf 86' lang='lat' dir='ltr'>quispiam</span> <span class='ocrx_word' id='word_1_100' title='bbox 510 1134 641 1184; x_wconf 88' lang='lat' dir='ltr'>ignem</span> <span class='ocrx_word' id='word_1_101' title='bbox 662 1141 834 1184; x_wconf 88' lang='lat' dir='ltr'>quaerat,</span> <span class='ocrx_word' id='word_1_102' title='bbox 858 1134 1051 1185; x_wconf 87' lang='lat' dir='ltr'>exstingui</span> <span class='ocrx_word' id='word_1_103' title='bbox 1073 1136 1177 1181; x_wconf 87' lang='lat' dir='ltr'>uolo,</span> 
     </span>
     <span class='ocr_line' id='line_1_16' title="bbox 162 1199 1221 1250; baseline -0.002 -11"><span class='ocrx_word' id='word_1_104' title='bbox 162 1214 212 1239; x_wconf 91' lang='lat' dir='ltr'>ne</span> <span class='ocrx_word' id='word_1_105' title='bbox 232 1213 393 1239; x_wconf 86' lang='lat' dir='ltr'>caussae</span> <span class='ocrx_word' id='word_1_106' title='bbox 414 1200 511 1250; x_wconf 90' lang='lat' dir='ltr'>quid</span> <span class='ocrx_word' id='word_1_107' title='bbox 531 1199 580 1238; x_wconf 90' lang='lat' dir='ltr'>sit</span> <span class='ocrx_word' id='word_1_108' title='bbox 600 1200 709 1250; x_wconf 93' lang='lat' dir='ltr'>quod</span> <span class='ocrx_word' id='word_1_109' title='bbox 731 1207 768 1237; x_wconf 90' lang='lat' dir='ltr'>te</span> <span class='ocrx_word' id='word_1_110' title='bbox 789 1199 998 1249; x_wconf 87' lang='lat' dir='ltr'>quisquam</span> <span class='ocrx_word' id='word_1_111' title='bbox 1019 1199 1221 1249; x_wconf 87' lang='lat' dir='ltr'>quaeritet.</span> 
     </span>
     <span class='ocr_line' id='line_1_17' title="bbox 160 1254 1555 1316; baseline -0.001 -12"><span class='ocrx_word' id='word_1_112' title='bbox 160 1279 253 1304; x_wconf 90' lang='lat' dir='ltr'>nam</span> <span class='ocrx_word' id='word_1_113' title='bbox 274 1265 305 1304; x_wconf 90' lang='lat' dir='ltr'>si</span> <span class='ocrx_word' id='word_1_114' title='bbox 326 1254 425 1316; x_wconf 82' lang='lat' dir='ltr'>ignis</span> <span class='ocrx_word' id='word_1_115' title='bbox 446 1265 565 1312; x_wconf 88' lang='lat' dir='ltr'>uiuet,</span> <span class='ocrx_word' id='word_1_116' title='bbox 588 1267 628 1302; x_wconf 75' lang='lat' dir='ltr'>tu</span> <span class='ocrx_word' id='word_1_117' title='bbox 650 1264 894 1314; x_wconf 82' lang='lat' dir='ltr'>exstinguere</span> <span class='ocrx_word' id='word_1_118' title='bbox 915 1266 1150 1315; x_wconf 83' lang='lat' dir='ltr'>extempulo.</span> <span class='ocrx_word' id='word_1_119' title='bbox 1518 1280 1555 1313; x_wconf 88' lang='lat'>15</span> 
     </span>
     <span class='ocr_line' id='line_1_18' title="bbox 161 1329 1083 1382; baseline -0.002 -12"><span class='ocrx_word' id='word_1_120' title='bbox 161 1338 246 1370; x_wconf 90' lang='lat' dir='ltr'>tum</span> <span class='ocrx_word' id='word_1_121' title='bbox 265 1344 410 1382; x_wconf 88' lang='lat' dir='ltr'>aquam</span> <span class='ocrx_word' id='word_1_122' title='bbox 431 1330 628 1380; x_wconf 87' lang='lat' dir='ltr'>aufugisse</span> <span class='ocrx_word' id='word_1_123' title='bbox 649 1329 781 1376; x_wconf 90' lang='lat' dir='ltr'>dicito,</span> <span class='ocrx_word' id='word_1_124' title='bbox 805 1329 835 1368; x_wconf 93' lang='lat' dir='ltr'>si</span> <span class='ocrx_word' id='word_1_125' title='bbox 857 1329 944 1379; x_wconf 91' lang='lat' dir='ltr'>quis</span> <span class='ocrx_word' id='word_1_126' title='bbox 966 1337 1083 1380; x_wconf 91' lang='lat' dir='ltr'>petet.</span> 
     </span>
     <span class='ocr_line' id='line_1_19' title="bbox 97 1395 1033 1450; baseline -0.004 -13"><span class='ocrx_word' id='word_1_127' title='bbox 97 1412 142 1450; x_wconf 84' lang='lat'>95</span> <span class='ocrx_word' id='word_1_128' title='bbox 161 1399 342 1444; x_wconf 90' lang='lat' dir='ltr'>cultrum,</span> <span class='ocrx_word' id='word_1_129' title='bbox 366 1396 544 1443; x_wconf 91' lang='lat' dir='ltr'>securim,</span> <span class='ocrx_word' id='word_1_130' title='bbox 567 1395 767 1446; x_wconf 87' lang='lat' dir='ltr'>pistillum,</span> <span class='ocrx_word' id='word_1_131' title='bbox 791 1395 1033 1443; x_wconf 85' lang='lat' dir='ltr'>mortarium,</span> 
     </span>
     <span class='ocr_line' id='line_1_20' title="bbox 161 1461 1030 1514; baseline -0.003 -12"><span class='ocrx_word' id='word_1_132' title='bbox 161 1477 262 1514; x_wconf 87' lang='lat' dir='ltr'>quae</span> <span class='ocrx_word' id='word_1_133' title='bbox 283 1464 432 1502; x_wconf 87' lang='lat' dir='ltr'>utenda</span> <span class='ocrx_word' id='word_1_134' title='bbox 451 1475 546 1500; x_wconf 91' lang='lat' dir='ltr'>uasa</span> <span class='ocrx_word' id='word_1_135' title='bbox 566 1475 721 1512; x_wconf 89' lang='lat' dir='ltr'>semper</span> <span class='ocrx_word' id='word_1_136' title='bbox 740 1461 860 1499; x_wconf 93' lang='lat' dir='ltr'>uicini</span> <span class='ocrx_word' id='word_1_137' title='bbox 881 1468 1030 1512; x_wconf 86' lang='lat' dir='ltr'>rogant,</span> 
     </span>
     <span class='ocr_line' id='line_1_21' title="bbox 160 1526 960 1578; baseline -0.004 -10"><span class='ocrx_word' id='word_1_138' title='bbox 160 1531 264 1568; x_wconf 89' lang='lat' dir='ltr'>fures</span> <span class='ocrx_word' id='word_1_139' title='bbox 284 1528 441 1568; x_wconf 90' lang='lat' dir='ltr'>uenisse</span> <span class='ocrx_word' id='word_1_140' title='bbox 460 1536 580 1578; x_wconf 86' lang='lat' dir='ltr'>atque</span> <span class='ocrx_word' id='word_1_141' title='bbox 599 1526 807 1577; x_wconf 87' lang='lat' dir='ltr'>apstulisse</span> <span class='ocrx_word' id='word_1_142' title='bbox 827 1527 960 1566; x_wconf 89' lang='lat' dir='ltr'>dicito.</span> 
     </span>
     <span class='ocr_line' id='line_1_22' title="bbox 160 1593 1556 1645; baseline -0.001 -12"><span class='ocrx_word' id='word_1_143' title='bbox 160 1596 337 1645; x_wconf 88' lang='lat' dir='ltr'>profecto</span> <span class='ocrx_word' id='word_1_144' title='bbox 357 1594 398 1632; x_wconf 91' lang='lat' dir='ltr'>in</span> <span class='ocrx_word' id='word_1_145' title='bbox 417 1594 527 1633; x_wconf 85' lang='lat' dir='ltr'>aedis</span> <span class='ocrx_word' id='word_1_146' title='bbox 548 1607 655 1632; x_wconf 89' lang='lat' dir='ltr'>meas</span> <span class='ocrx_word' id='word_1_147' title='bbox 677 1607 740 1632; x_wconf 91' lang='lat' dir='ltr'>me</span> <span class='ocrx_word' id='word_1_148' title='bbox 760 1601 924 1644; x_wconf 87' lang='lat' dir='ltr'>apsente</span> <span class='ocrx_word' id='word_1_149' title='bbox 944 1593 1145 1632; x_wconf 87' lang='lat' dir='ltr'>neminem</span> <span class='ocrx_word' id='word_1_150' title='bbox 1516 1609 1556 1632; x_wconf 87' lang='lat'>20</span> 
     </span>
     <span class='ocr_line' id='line_1_23' title="bbox 160 1658 1234 1709; baseline -0.003 -10"><span class='ocrx_word' id='word_1_151' title='bbox 160 1662 254 1700; x_wconf 90' lang='lat' dir='ltr'>uolo</span> <span class='ocrx_word' id='word_1_152' title='bbox 274 1660 377 1699; x_wconf 89' lang='lat' dir='ltr'>intro</span> <span class='ocrx_word' id='word_1_153' title='bbox 398 1659 510 1698; x_wconf 88' lang='lat' dir='ltr'>mitti.</span> <span class='ocrx_word' id='word_1_154' title='bbox 568 1667 688 1709; x_wconf 87' lang='lat' dir='ltr'>atque</span> <span class='ocrx_word' id='word_1_155' title='bbox 708 1658 825 1697; x_wconf 87' lang='lat' dir='ltr'>etiam</span> <span class='ocrx_word' id='word_1_156' title='bbox 848 1660 924 1698; x_wconf 90' lang='lat' dir='ltr'>hoc</span> <span class='ocrx_word' id='word_1_157' title='bbox 945 1659 1132 1709; x_wconf 87' lang='lat' dir='ltr'>praedico</span> <span class='ocrx_word' id='word_1_158' title='bbox 1153 1658 1234 1705; x_wconf 89' lang='lat' dir='ltr'>tibi,</span> 
     </span>
     <span class='ocr_line' id='line_1_24' title="bbox 77 1723 1064 1771; baseline -0.004 -5"><span class='ocrx_word' id='word_1_159' title='bbox 77 1739 144 1766; x_wconf 91' lang='lat'>100</span> <span class='ocrx_word' id='word_1_160' title='bbox 161 1725 193 1764; x_wconf 94' lang='lat' dir='ltr'>si</span> <span class='ocrx_word' id='word_1_161' title='bbox 214 1728 327 1765; x_wconf 88' lang='lat' dir='ltr'>Bona</span> <span class='ocrx_word' id='word_1_162' title='bbox 348 1726 523 1763; x_wconf 87' lang='lat' dir='ltr'>Fortuna</span> <span class='ocrx_word' id='word_1_163' title='bbox 542 1724 687 1771; x_wconf 89' lang='lat' dir='ltr'>ueniat,</span> <span class='ocrx_word' id='word_1_164' title='bbox 710 1737 760 1763; x_wconf 89' lang='lat' dir='ltr'>ne</span> <span class='ocrx_word' id='word_1_165' title='bbox 780 1723 882 1762; x_wconf 89' lang='lat' dir='ltr'>intro</span> <span class='ocrx_word' id='word_1_166' title='bbox 904 1724 1064 1763; x_wconf 90' lang='lat' dir='ltr'>miseris.</span> 
     </span>
     <span class='ocr_line' id='line_1_25' title="bbox 161 1789 1197 1841; baseline -0.001 -12"><span class='ocrx_word' id='word_1_167' title='bbox 161 1792 252 1830; x_wconf 81' lang='lat' dir='ltr'>STA.</span> <span class='ocrx_word' id='word_1_168' title='bbox 284 1792 351 1841; x_wconf 92' lang='lat' dir='ltr'>pol</span> <span class='ocrx_word' id='word_1_169' title='bbox 371 1804 417 1829; x_wconf 85' lang='lat' dir='ltr'>ea</span> <span class='ocrx_word' id='word_1_170' title='bbox 437 1790 522 1841; x_wconf 88' lang='lat' dir='ltr'>ipsa</span> <span class='ocrx_word' id='word_1_171' title='bbox 542 1791 661 1829; x_wconf 91' lang='lat' dir='ltr'>credo</span> <span class='ocrx_word' id='word_1_172' title='bbox 682 1803 732 1828; x_wconf 93' lang='lat' dir='ltr'>ne</span> <span class='ocrx_word' id='word_1_173' title='bbox 752 1789 856 1828; x_wconf 91' lang='lat' dir='ltr'>intro</span> <span class='ocrx_word' id='word_1_174' title='bbox 877 1790 1051 1828; x_wconf 88' lang='lat' dir='ltr'>mittatur</span> <span class='ocrx_word' id='word_1_175' title='bbox 1071 1797 1197 1837; x_wconf 79' lang='lat' dir='ltr'>canet,</span> 
     </span>
     <span class='ocr_line' id='line_1_26' title="bbox 161 1855 1335 1906; baseline -0.001 -11"><span class='ocrx_word' id='word_1_176' title='bbox 161 1870 253 1895; x_wconf 85' lang='lat' dir='ltr'>nam</span> <span class='ocrx_word' id='word_1_177' title='bbox 273 1857 325 1896; x_wconf 90' lang='lat' dir='ltr'>ad</span> <span class='ocrx_word' id='word_1_178' title='bbox 345 1855 454 1895; x_wconf 91' lang='lat' dir='ltr'>aedis</span> <span class='ocrx_word' id='word_1_179' title='bbox 474 1863 626 1894; x_wconf 88' lang='lat' dir='ltr'>nostras</span> <span class='ocrx_word' id='word_1_180' title='bbox 647 1869 843 1906; x_wconf 85' lang='lat' dir='ltr'>nusquam</span> <span class='ocrx_word' id='word_1_181' title='bbox 864 1855 960 1894; x_wconf 86' lang='lat' dir='ltr'>adiit</span> <span class='ocrx_word' id='word_1_182' title='bbox 981 1868 1179 1906; x_wconf 86' lang='lat' dir='ltr'>quaquam</span> <span class='ocrx_word' id='word_1_183' title='bbox 1202 1868 1335 1906; x_wconf 85' lang='lat' dir='ltr'>prope.</span> 
     </span>
     <span class='ocr_line' id='line_1_27' title="bbox 161 1919 1553 1971; baseline -0.001 -11"><span class='ocrx_word' id='word_1_184' title='bbox 161 1923 259 1960; x_wconf 92' lang='lat' dir='ltr'>Evc.</span> <span class='ocrx_word' id='word_1_185' title='bbox 291 1929 377 1960; x_wconf 87' lang='lat' dir='ltr'>tace</span> <span class='ocrx_word' id='word_1_186' title='bbox 403 1928 522 1971; x_wconf 85' lang='lat' dir='ltr'>atque</span> <span class='ocrx_word' id='word_1_187' title='bbox 551 1919 616 1959; x_wconf 86' lang='lat' dir='ltr'>abi</span> <span class='ocrx_word' id='word_1_188' title='bbox 640 1919 753 1959; x_wconf 86' lang='lat' dir='ltr'>intro.</span> <span class='ocrx_word' id='word_1_189' title='bbox 813 1922 904 1959; x_wconf 78' lang='lat' dir='ltr'>STA.</span> <span class='ocrx_word' id='word_1_190' title='bbox 937 1928 1050 1960; x_wconf 88' lang='lat' dir='ltr'>taceo</span> <span class='ocrx_word' id='word_1_191' title='bbox 1076 1928 1195 1971; x_wconf 87' lang='lat' dir='ltr'>atque</span> <span class='ocrx_word' id='word_1_192' title='bbox 1218 1920 1489 1959; x_wconf 84' lang='lat' dir='ltr'>abeo.—Evc.</span> <span class='ocrx_word' id='word_1_193' title='bbox 1514 1937 1529 1959; x_wconf 84' lang='lat'><strong>2</strong></span> <span class='ocrx_word' id='word_1_194' title='bbox 1536 1937 1553 1969; x_wconf 91' lang='lat'>5</span> 
     </span>
     <span class='ocr_line' id='line_1_28' title="bbox 1254 1984 1493 2024; baseline 0 0"><span class='ocrx_word' id='word_1_195' title='bbox 1254 1985 1421 2024; x_wconf 90' lang='lat' dir='ltr'>occlude</span> <span class='ocrx_word' id='word_1_196' title='bbox 1441 1984 1493 2024; x_wconf 90' lang='lat' dir='ltr'>sis</span> 
     </span>
     <span class='ocr_line' id='line_1_29' title="bbox 159 2050 1087 2102; baseline 0.001 -13"><span class='ocrx_word' id='word_1_197' title='bbox 159 2053 260 2090; x_wconf 87' lang='lat' dir='ltr'>fores</span> <span class='ocrx_word' id='word_1_198' title='bbox 280 2051 476 2091; x_wconf 87' lang='lat' dir='ltr'>ambobus</span> <span class='ocrx_word' id='word_1_199' title='bbox 498 2050 670 2102; x_wconf 90' lang='lat' dir='ltr'>pessulis.</span> <span class='ocrx_word' id='word_1_200' title='bbox 733 2050 810 2089; x_wconf 90' lang='lat' dir='ltr'>iam</span> <span class='ocrx_word' id='word_1_201' title='bbox 832 2064 905 2101; x_wconf 88' lang='lat' dir='ltr'>ego</span> <span class='ocrx_word' id='word_1_202' title='bbox 925 2051 989 2090; x_wconf 92' lang='lat' dir='ltr'>hic</span> <span class='ocrx_word' id='word_1_203' title='bbox 1011 2064 1087 2090; x_wconf 91' lang='lat' dir='ltr'>ero.</span> 
     </span>
     <span class='ocr_line' id='line_1_30' title="bbox 77 2115 1315 2166; baseline -0.001 -11"><span class='ocrx_word' id='word_1_204' title='bbox 77 2129 138 2166; x_wconf 87' lang='lat'>105</span> <span class='ocrx_word' id='word_1_205' title='bbox 160 2116 375 2155; x_wconf 88' lang='lat' dir='ltr'>discrucior</span> <span class='ocrx_word' id='word_1_206' title='bbox 394 2116 527 2163; x_wconf 86' lang='lat' dir='ltr'>animi,</span> <span class='ocrx_word' id='word_1_207' title='bbox 550 2117 643 2166; x_wconf 86' lang='lat' dir='ltr'>quia</span> <span class='ocrx_word' id='word_1_208' title='bbox 662 2116 713 2154; x_wconf 90' lang='lat' dir='ltr'>ab</span> <span class='ocrx_word' id='word_1_209' title='bbox 734 2117 856 2154; x_wconf 92' lang='lat' dir='ltr'>domo</span> <span class='ocrx_word' id='word_1_210' title='bbox 877 2116 1106 2156; x_wconf 88' lang='lat' dir='ltr'>abeundum</span> <span class='ocrx_word' id='word_1_211' title='bbox 1129 2124 1187 2155; x_wconf 91' lang='lat' dir='ltr'>est</span> <span class='ocrx_word' id='word_1_212' title='bbox 1208 2115 1315 2154; x_wconf 90' lang='lat' dir='ltr'>mihi.</span> 
     </span>
     <span class='ocr_line' id='line_1_31' title="bbox 204 2218 1493 2258; baseline 0.001 -9"><span class='ocrx_word' id='word_1_213' title='bbox 204 2220 246 2258; x_wconf 88' lang='lat'>83</span> <span class='ocrx_word' id='word_1_214' title='bbox 270 2219 360 2250; x_wconf 87' lang='lat' dir='ltr'>aliud</span> <span class='ocrx_word' id='word_1_215' title='bbox 377 2229 443 2250; x_wconf 80' lang='lat' dir='ltr'>om.</span> <span class='ocrx_word' id='word_1_216' title='bbox 463 2218 552 2248; x_wconf 87' lang='lat' dir='ltr'>codd.</span> <span class='ocrx_word' id='word_1_217' title='bbox 574 2218 677 2248; x_wconf 83' lang='lat' dir='ltr'>Nonii</span> <span class='ocrx_word' id='word_1_218' title='bbox 691 2218 754 2257; x_wconf 81' lang='lat'>483</span> <span class='ocrx_word' id='word_1_219' title='bbox 858 2219 899 2256; x_wconf 88' lang='lat'>84</span> <span class='ocrx_word' id='word_1_220' title='bbox 918 2219 1030 2249; x_wconf 88' lang='lat' dir='ltr'>inanis</span> <span class='ocrx_word' id='word_1_221' title='bbox 1042 2218 1109 2250; x_wconf 83' lang='lat' dir='ltr'>cod.</span> <span class='ocrx_word' id='word_1_222' title='bbox 1124 2220 1168 2256; x_wconf 84' lang='lat' dir='ltr'>(v.</span> <span class='ocrx_word' id='word_1_223' title='bbox 1182 2229 1213 2258; x_wconf 91' lang='lat'>9.</span> <span class='ocrx_word' id='word_1_224' title='bbox 1231 2218 1267 2258; x_wconf 61' lang='lat'>9]</span> <span class='ocrx_word' id='word_1_225' title='bbox 1373 2220 1414 2258; x_wconf 86' lang='lat'>85</span> <span class='ocrx_word' id='word_1_226' title='bbox 1440 2229 1493 2250; x_wconf 91' lang='lat' dir='ltr'>me</span> 
     </span>
     <span class='ocr_line' id='line_1_32' title="bbox 162 2261 1491 2302; baseline 0 -9"><span class='ocrx_word' id='word_1_227' title='bbox 162 2262 390 2295; x_wconf 79' lang='lat' dir='ltr'>Camerarius:</span> <span class='ocrx_word' id='word_1_228' title='bbox 410 2272 497 2293; x_wconf 87' lang='lat' dir='ltr'>nunc</span> <span class='ocrx_word' id='word_1_229' title='bbox 521 2272 574 2292; x_wconf 87' lang='lat' dir='ltr'>me</span> <span class='ocrx_word' id='word_1_230' title='bbox 600 2261 665 2292; x_wconf 83' lang='lat' dir='ltr'>cod.</span> <span class='ocrx_word' id='word_1_231' title='bbox 694 2264 747 2301; x_wconf 73' lang='lat' dir='ltr'>(ex</span> <span class='ocrx_word' id='word_1_232' title='bbox 770 2272 820 2292; x_wconf 90' lang='lat' dir='ltr'>mc</span> <span class='ocrx_word' id='word_1_233' title='bbox 841 2267 903 2302; x_wconf 81' lang='lat' dir='ltr'>pro</span> <span class='ocrx_word' id='word_1_234' title='bbox 926 2272 978 2292; x_wconf 85' lang='lat' dir='ltr'>me</span> <span class='ocrx_word' id='word_1_235' title='bbox 1003 2265 1163 2300; x_wconf 65' lang='lat' dir='ltr'>ortum23</span> <span class='ocrx_word' id='word_1_236' title='bbox 1188 2263 1228 2292; x_wconf 88' lang='lat' dir='ltr'>iv.</span> <span class='ocrx_word' id='word_1_237' title='bbox 1250 2263 1285 2301; x_wconf 50' lang='lat' dir='ltr'>3N</span> <span class='ocrx_word' id='word_1_238' title='bbox 1433 2273 1491 2293; x_wconf 86' lang='lat'>101</span> 
     </span>
    </p>
   </div>
   <div class='ocr_carea' id='block_1_4' title="bbox 160 2305 1493 2392">
    <p class='ocr_par' dir='ltr' id='par_1_4' title="bbox 160 2305 1493 2392">
     <span class='ocr_line' id='line_1_33' title="bbox 160 2305 1493 2347; baseline 0.001 -11"><span class='ocrx_word' id='word_1_239' title='bbox 160 2317 262 2345; x_wconf 86' lang='lat' dir='ltr'>eapse</span> <span class='ocrx_word' id='word_1_240' title='bbox 273 2307 375 2338; x_wconf 71' lang='lat' dir='ltr'><em>Bothe</em></span> <span class='ocrx_word' id='word_1_241' title='bbox 489 2317 549 2337; x_wconf 87' lang='lat'>102</span> <span class='ocrx_word' id='word_1_242' title='bbox 575 2316 757 2344; x_wconf 89' lang='lat' dir='ltr'>numquam</span> <span class='ocrx_word' id='word_1_243' title='bbox 775 2305 810 2335; x_wconf 90' lang='lat' dir='ltr'><em>D</em></span> <span class='ocrx_word' id='word_1_244' title='bbox 888 2316 1088 2346; x_wconf 88' lang='lat' dir='ltr'>quamquam</span> <span class='ocrx_word' id='word_1_245' title='bbox 1102 2305 1169 2337; x_wconf 89' lang='lat' dir='ltr'>cod.</span> <span class='ocrx_word' id='word_1_246' title='bbox 1186 2306 1229 2347; x_wconf 84' lang='lat' dir='ltr'>(v.</span> <span class='ocrx_word' id='word_1_247' title='bbox 1250 2308 1301 2346; x_wconf 73' lang='lat'>12)</span> <span class='ocrx_word' id='word_1_248' title='bbox 1384 2316 1493 2346; x_wconf 89' lang='lat' dir='ltr'>prope</span> 
     </span>
     <span class='ocr_line' id='line_1_34' title="bbox 160 2348 1406 2392; baseline -0.006 -11"><span class='ocrx_word' id='word_1_249' title='bbox 160 2350 244 2392; x_wconf 86' lang='lat' dir='ltr'>[est]</span> <span class='ocrx_word' id='word_1_250' title='bbox 257 2350 290 2380; x_wconf 88' lang='grc' dir='ltr'><em>Β</em></span> <span class='ocrx_word' id='word_1_251' title='bbox 401 2360 461 2389; x_wconf 86' lang='lat'>105</span> <span class='ocrx_word' id='word_1_252' title='bbox 478 2350 519 2380; x_wconf 93' lang='lat' dir='ltr'>ab</span> <span class='ocrx_word' id='word_1_253' title='bbox 536 2349 598 2380; x_wconf 79' lang='lat' dir='ltr'>del.</span> <span class='ocrx_word' id='word_1_254' title='bbox 617 2348 753 2379; x_wconf 76' lang='lat' dir='ltr'>Gm&#39;etus</span> <span class='ocrx_word' id='word_1_255' title='bbox 1404 2372 1406 2374; x_wconf 78' lang='grc'>,</span> 
     </span>
    </p>
   </div>
  </div>
 </body>
</html>
