1727 2712
645 134 973 172 AVLVLARIA
1374 120 1377 121 ⁷
1419 137 1472 174 ΙΙ,
1494 137 1522 174 ii

141 259 237 284 num
270 259 372 296 quae
404 260 544 286 caussa
572 254 631 286 est
664 245 784 285 hodie
813 246 908 297 quin
944 246 1164 286 faciamus?
1222 250 1318 287 Evc.
1351 248 1474 288 immo

1135 312 1276 362 e'depol
1297 321 1471 364 optuma.

142 377 225 414 ME.
257 375 324 414 ibo
363 376 488 426 igitur,
524 377 682 427 parabo.
742 376 938 426 numquid
976 390 1040 415 me
1078 377 1168 415 uis?
1230 380 1326 416 Evc.
1359 378 1469 417 istuc.
1493 391 1534 432 85

1280 444 1293 480 1'
1313 450 1351 481 et
1371 446 1469 482 uale.

142 506 224 544 ΜΕ.
261 506 370 553 heus,
415 506 595 553 Strobile,
641 519 804 556 sequere
845 519 1012 557 propere
1057 520 1120 545 me
1165 509 1215 546 ad
1262 509 1471 547 macellum

1245 580 1470 612 strenue.—

52 634 116 679 265
140 635 236 673 Evc.
270 635 347 674 illic
377 636 469 675 hinc
500 636 604 674 abiit.
665 636 704 675 di
731 636 970 684 inmortales,
1000 649 1180 687 opsecro,
1207 651 1346 675 aurum
1373 638 1470 689 quid

1340 705 1469 742 ualet!

135 766 255 803 credo
275 779 348 815 ego
368 765 477 804 illum
499 766 577 804 iam
597 766 826 805 indaudisse
846 767 900 805 mi
921 780 1007 806 esse
1027 769 1284 806 thensaurum
1304 769 1425 807 domi.

136 829 176 867 id
197 829 331 877 inhiat,
355 844 402 869 ea
420 831 667 869 adfinitatem
688 833 791 869 hanc
812 831 1027 881 opstinauit
1047 832 1180 882 gratia.

491 935 703 972 EVCLIO
814 935 1110 973 STAPHYLA
1485 946 1527 979 n}

136 1011 233 1048 EVC.
266 1010 345 1048 Vbi
366 1018 407 1049 tu
428 1024 469 1049 es
490 1024 591 1060 quae
611 1011 904 1049 deblaterauisti
926 1011 1003 1049 iam
1024 1011 1164 1050 uicinis
1185 1013 1371 1051 omnibus

134 1089 245 1114 meae
266 1089 329 1114 me
350 1076 451 1114 filiae
471 1077 655 1114 daturum
676 1077 842 1114 dotem?
871 1077 979 1124 heus,
1003 1078 1201 1128 Staphyla,
1224 1086 1262 1117 te
1283 1092 1396 1118 uoco

47 1152 115 1187 270
133 1140 277 1190 ecquid
297 1140 440 1179 audis?
469 1142 629 1179 uascula
649 1140 753 1179 intus
774 1154 870 1190 pure
890 1155 1057 1192 propera
1075 1150 1195 1193 atque
1215 1145 1303 1183 elue
1320 1159 1327 1182 :

133 1205 252 1243 filiam
272 1206 468 1256 despondi
489 1219 563 1256 ego
580 1221 587 1244 ε
617 1206 737 1245 hodie
758 1206 849 1244 huic
869 1214 1037 1257 nuptum
1062 1209 1280 1257 Megadoro
1301 1209 1418 1248 dabo.

132 1273 222 1309 STA.
254 1271 294 1309 di
322 1272 425 1310 bene
452 1279 620 1310 uortant.
679 1285 816 1310 uerum
843 1279 995 1310 ecastor
1019 1285 1099 1310 non
1127 1281 1267 1323 potest,
1291 1274 1465 1313 subitum
1486 1293 1504 1325 5

1257 1347 1315 1378 est
1335 1340 1463 1379 nimis.

132 1403 229 1440 Evc.
262 1409 348 1440 tace
372 1409 492 1452 atque
518 1401 594 1440 abi.
654 1410 788 1440 curata
816 1403 876 1440 fac
904 1402 980 1440 sint
1008 1416 1129 1453 quom
1151 1417 1173 1441 a
1194 1405 1278 1442 foro
1306 1406 1464 1444 redeam

1274 1471 1439 1508 domum
1454 1485 1465 1518 3

129 1539 248 1581 atque
276 1532 386 1570 aedis
416 1534 583 1571 occlude
599 1548 608 1580 3
647 1532 723 1571 izim
754 1547 827 1583 ego
857 1533 922 1572 hic
950 1535 1232 1572 adero.-—STA.
1265 1534 1361 1584 quid
1391 1549 1464 1584 ego

1196 1613 1301 1638 nunc
1321 1601 1464 1650 agam?

43 1671 107 1709 275
129 1676 235 1701 nunc
256 1664 371 1702 nobis
392 1677 514 1715 prope
534 1665 647 1703 adest
667 1664 841 1711 exitium,
865 1664 961 1703 mihi
983 1673 1102 1715 atque
1123 1664 1204 1703 erili
1226 1665 1339 1713 filiae,

128 1741 235 1766 nunc
255 1729 442 1778 probrum
462 1736 581 1779 atque
601 1729 800 1780 partitudo
820 1743 943 1780 prope
963 1732 1075 1768 adest
1095 1738 1137 1768 ut
1159 1731 1225 1768 fiat
1245 1731 1374 1781 palam
1388 1746 1399 1779 3

128 1794 237 1842 quod
257 1795 427 1832 celatum
453 1802 572 1845 atque
593 1796 833 1833 occultatum
855 1803 912 1833 est
940 1809 1065 1845 usque
1085 1797 1228 1843 adhuc,
1250 1809 1356 1834 nunc
1380 1810 1461 1834 non
1486 1817 1523 1838 10

1317 1869 1457 1911 potest.

127 1922 194 1961 ibo
214 1923 327 1972 intro,
350 1932 392 1963 ut
412 1939 500 1964 erus
521 1939 622 1976 quae
643 1925 850 1975 imperauit
870 1927 982 1973 facta,
1007 1940 1127 1976 quom
1151 1926 1294 1973 ueniat,
1317 1926 1427 1964 sient.

127 2002 219 2026 narn
239 1997 392 2028 ecastor
411 1993 558 2029 malum
581 2004 755 2037 maerore
776 1999 911 2030 metuo
932 2005 981 2030 ne
1003 1992 1166 2029 mixtum
1190 1991 1392 2030 bibam.—

170 2085 234 2115 262
259 2091 311 2116 est
332 2096 402 2117 cau.
428 2085 571 2127 Wagner
595 2089 706 2117 contra
723 2085 919 2116 Plautinum
946 2087 1102 2126 loquendi
1122 2098 1247 2118 morem
1357 2088 1459 2119 hodie

124 2128 204 2166 quin
219 2128 240 2159 s.
256 2139 424 2168 numquae
437 2139 537 2161 causa
550 2135 603 2161 est
616 2129 682 2161 cod.
699 2141 705 2160 :
727 2130 836 2160 traieci
846 2130 892 2170 (q.
908 2130 927 2162 f.
941 2131 971 2161 h.
987 2130 1088 2171 Brix)
1165 2132 1185 2163 i.
1201 2132 1316 2162 hercle
1330 2142 1361 2163 o.
1374 2131 1460 2162 Brix

126 2171 177 2210 (cf
195 2170 266 2203 Mil.
290 2182 372 2212 1270
388 2174 502 2204 hercle
514 2178 578 2214 pro
591 2173 714 2213 edepol
732 2173 820 2213 PCD)
903 2175 966 2213 263
985 2174 993 2203 i
1013 2175 1076 2216 (ei)
1095 2180 1128 2205 et
1139 2175 1292 2206 Mueller:
1316 2176 1373 2206 fiet
1389 2176 1456 2208 cod.

125 2214 170 2254 (F
183 2220 242 2255 pro
253 2215 295 2255 E)
315 2229 321 2247 :
346 2217 355 2246 i
374 2217 436 2257 (ei)
457 2217 530 2256 (del.
545 2218 595 2254 et)
616 2216 771 2247 Lebreton
788 2216 839 2256 (qs.
861 2218 941 2258 458)
1090 2220 1155 2249 266
1178 2219 1350 2250 inaudisse
1366 2220 1430 2250 cod.
1449 2231 1456 2250 ε

124 2258 331 2290 inaudiuisse
349 2259 436 2291 codd.
455 2260 560 2291 Nom'i
572 2271 638 2300 500
657 2260 710 2300 (cf.
731 2260 837 2291 Brock
851 2265 974 2300 quaest.
995 2261 1151 2293 Gramm.
1170 2273 1201 2302 p.
1226 2269 1299 2302 144*
1391 2265 1455 2294 268

123 2301 354 2334 deblattauisti
367 2303 434 2335 cod.
451 2315 457 2334 :
481 2304 700 2335 deblaterasti
714 2303 802 2335 codd.
818 2303 921 2335 Nonii
935 2316 975 2344 44
994 2305 1088 2345 (sort.
1111 2308 1198 2346 recte)
1304 2317 1363 2346 271
1390 2319 1454 2347 ego

123 2345 224 2376 hodie
236 2345 367 2378 Merula
383 2359 390 2379 ι
416 2347 518 2378 hodie
535 2359 598 2387 ego
612 2347 675 2378 rod.
777 2358 840 2387 274
865 2349 959 2379 aedis
977 2350 1118 2380 occlude
1132 2349 1267 2380 Guietus
1281 2362 1286 2381 :
1313 2352 1454 2382 occlude

123 2389 218 2419 aedis
240 2390 305 2421 cod.
452 2393 517 2430 276
542 2390 648 2430 nunc]
675 2401 751 2421 nam
776 2391 850 2423 Ital.
985 2403 1049 2432 279
1073 2403 1223 2424 maerore
1250 2393 1451 2426 Gronovius:

126 2441 291 2463 merorem
305 2433 370 2465 cod.
423 2436 603 2465 minixturn
622 2436 778 2473 (mixtum
795 2434 856 2476 V'2)
871 2435 936 2467 cod.
954 2437 1011 2467 (iv.
1024 2438 1059 2475 3)
1074 2449 1080 2467 ε
1105 2437 1281 2469 inmixtum
1296 2438 1454 2470 Gruterus
