1727 2712
591 88 969 127 CISTELLARIA
1368 89 1434 126 IV.
1463 88 1475 125 i

117 201 191 238 PH.
224 213 304 238 non
334 207 486 238 ecastor
516 201 611 238 falsa
640 212 827 238 memoro.
889 201 959 237 LA.
993 213 1096 246 nam,
1128 213 1303 251 opsecro,
1338 202 1445 239 unde

1123 266 1220 304 haec
1240 264 1413 315 gentium
1428 267 1445 304 ?

114 336 182 368 aut
202 329 289 381 quis
309 331 407 368 deus
427 330 572 369 obiecit
594 331 696 368 hanc
716 337 808 368 ante
828 329 972 368 ostium
995 337 1183 376 nostrum,
1207 329 1318 380 quasi

26 397 98 442 670
115 393 250 432 dedita
262 407 391 445 opera,
409 394 448 432 in
462 403 639 444 tempore
652 394 768 445 ipso?
798 396 872 432 PH.
891 395 988 444 Spes
1005 394 1102 432 mihi
1115 402 1251 433 sancta
1263 395 1441 433 subueni.

180 505 433 542 HALISCA
545 506 847 543 LAMPADIO
960 506 1378 543 PHANOSTRATA
1464 506 1494 543 ii

0 582 2 662 ἰ
116 586 196 624 ΗΑ.
230 585 317 624 Nisi
333 585 429 636 quid
450 585 503 624 mi
524 586 601 637 opi'
617 585 657 625 di
673 587 780 633 dant,
798 585 967 636 disperii,
987 599 1116 636 neque
1132 587 1238 624 unde
1258 586 1444 624 auxilium

240 698 242 700 v
1101 659 1280 701 expetam
1302 651 1443 690 habeo.

275 715 408 767 itaque
427 716 644 767 petulantia
666 729 753 755 mea
774 729 838 755 me
857 715 979 754 animi
1001 716 1181 755 miseram
1204 716 1332 754 habet.

221 795 323 831 quae
343 781 382 819 in
403 790 554 832 tergum
577 794 710 820 meum
731 794 781 819 ne
801 780 963 819 ueniant
984 782 1085 819 male
1106 781 1287 828 formido,

222 846 253 884 si
274 846 338 884 e'ra
358 860 446 885 mea
467 846 563 885 sciat
583 853 663 885 tam
685 847 892 885 socordem
913 859 998 885 esse
1019 859 1137 896 quam
1159 859 1257 884 sum.

28 915 92 958 675
223 925 394 962 quamne
415 912 454 950 in
476 911 660 950 manibus
680 911 789 950 tenui
808 919 927 962 atque
948 911 1083 961 accepi
1104 911 1167 950 hie
1188 919 1279 950 ante
1299 911 1407 950 aedis
1470 928 1487 959 5

222 976 423 1023 cistellam,
448 977 514 1015 ubi
537 990 582 1015 ea
603 977 652 1015 sit
672 976 817 1023 nescio,
841 976 914 1015 nisi
936 984 978 1014 ut
999 976 1140 1026 opinor

383 1043 469 1080 loca
490 1043 588 1081 haee
609 1041 761 1080 circiter
782 1041 834 1080 mi
855 1041 1009 1080 excidit.

115 1106 191 1146 mei
213 1106 405 1153 homines,
429 1106 505 1145 mei
527 1114 778 1158 spectatores,
802 1106 917 1145 facite
938 1106 1139 1153 indicium,
1164 1106 1194 1146 si
1216 1107 1303 1158 quis
1324 1107 1434 1154 uidit,

115 1171 202 1223 quis
223 1185 310 1210 eam
334 1171 535 1222 apstulerit
563 1171 702 1222 quisue
729 1171 927 1210 sustulerit
954 1179 991 1210 et
1019 1178 1148 1210 utrum
1176 1173 1250 1210 hac
1279 1185 1328 1210 an
1359 1172 1446 1210 illac

1162 1236 1233 1275 iter
1252 1236 1443 1275 institerit.

29 1305 98 1340 680
224 1314 306 1341 non
327 1315 413 1341 sum
435 1301 566 1340 scitior
587 1315 689 1352 quae
709 1303 782 1341 hos
803 1315 935 1353 rogem
957 1310 1023 1340 aut
1045 1315 1146 1353 quae
1167 1301 1337 1352 fatigem,
1470 1318 1508 1341 10

224 1366 291 1416 qui
312 1379 467 1417 semper
488 1367 593 1404 malo
615 1366 796 1405 muliebri
817 1374 907 1405 sunt
929 1367 1119 1406 lubentes.

223 1444 329 1470 nunc
350 1431 514 1482 uestigia
534 1430 597 1469 hic
619 1430 649 1468 si
671 1444 750 1482 qua
769 1439 859 1470 sunt
881 1431 1097 1470 noscitabo.

223 1510 315 1536 nam
336 1496 368 1536 si
388 1509 508 1535 nemo
529 1497 602 1534 hac
623 1496 829 1547 praeteriit,
852 1503 1061 1547 postquam
1084 1496 1185 1535 intro
1205 1496 1323 1545 abiui,

224 1562 373 1601 cistella
393 1561 457 1600 hic
478 1561 630 1601 iaceret.
690 1561 788 1612 quid
808 1561 902 1600 hic?
931 1561 1039 1612 perii,
1061 1561 1211 1613 opinor,

31 1634 96 1680 685
223 1634 355 1666 actum
376 1634 446 1674 est,
468 1626 573 1665 ilicet
593 1639 657 1664 me
678 1625 873 1665 infelicem
895 1634 933 1665 et
954 1628 1158 1665 scelestam
1175 1629 1183 1664 l
1470 1642 1506 1674 15

223 1694 330 1732 nulla
350 1700 419 1740 est,
437 1705 567 1742 neque
584 1705 657 1743 ego
678 1705 765 1730 sum
787 1705 965 1742 usquam.
1008 1692 1159 1742 perdita
1179 1691 1349 1742 perdidit
1370 1705 1443 1731 me.

223 1760 292 1798 sed
313 1771 471 1809 pergam
493 1766 536 1796 ut
556 1757 670 1807 coe'pi
691 1765 834 1804 tamen,
859 1757 1098 1807 quaeritabo.

158 1864 223 1894 668
247 1863 329 1894 falsa
348 1862 579 1894 Camerarius:
608 1872 626 1891 e
644 1862 693 1892 ais
710 1873 729 1893 a
746 1862 810 1894 cod.
832 1861 875 1901 (E
889 1867 949 1902 pro
965 1861 1001 1900 F,
1024 1862 1112 1901 Ipro
1131 1861 1171 1900 L)
1300 1863 1366 1900 669
1390 1861 1446 1892 An

116 1907 253 1948 Seyffert
310 1909 375 1947 670
398 1903 743 1946 subueniSct'oppius:
763 1907 921 1936 subuenit
933 1905 998 1937 cod.
1061 1907 1122 1945 671
1149 1906 1229 1936 dent
1241 1905 1301 1945 (31¹
1315 1909 1349 1935 ul
1364 1904 1446 1941 υἱεῖ.)

116 1962 162 1981 an
179 1950 258 1982 dant
278 1950 503 1989 (PBD)1‘11cen.
520 1948 586 1980 cod.
679 1950 839 1980 auxilium
860 1949 921 1988 <Bi
946 1960 990 1979 an
1008 1949 1122 1980 auxilii
1150 1947 1236 1989 (PE)
1255 1949 1359 1979 infert.
1380 1948 1445 1980 cod.

117 1993 226 2036 (ego)
248 1994 356 2025 habeo
377 1993 504 2024 Rt'tsclzl
618 1994 682 2032 672
707 1991 784 2035 (et)
808 1998 874 2032 pet.
901 1992 1202 2033 Scl1oellr‘anap.);
1226 1993 1341 2032 infine
1361 1991 1447 2022 idem

117 2037 308 2068 intercidisse
327 2038 450 2068 coniecit
470 2036 555 2067 velut
575 2041 608 2067 et
628 2037 776 2076 nequitia
798 2038 890 2075 angit
909 2037 960 2076 (cs.
985 2047 1014 2068 v.
1035 2038 1099 2075 673
1123 2036 1289 2076 ueniant).
1309 2046 1393 2075 quae
1415 2036 1448 2066 in

109 2082 181 2120 fine
196 2082 281 2112 tituli
294 2091 425 2111 scaenae
435 2081 550 2120 scripta
567 2090 631 2110 esse
641 2083 783 2120 possunt
795 2081 842 2120 (ii.
861 2081 896 2120 5)
1025 2082 1088 2120 674
1114 2090 1188 2110 mea
1201 2078 1218 2122 <
1224 2079 1299 2122 me)
1314 2077 1452 2109 Mueller

118 2126 191 2164 676,
206 2126 270 2164 684
294 2124 344 2155 vel
358 2125 458 2164 opino
579 2124 641 2163 677
663 2124 694 2154 11.
710 2134 738 2154 c.
764 2134 837 2155 exc.
862 2124 941 2155 mihi
959 2124 1038 2154 coel:
1065 2125 1175 2154 traieci
1194 2125 1292 2162 (nam
1315 2123 1448 2153 circiter

117 2168 373 2208 virserendum}
392 2180 398 2198 :
424 2178 440 2198 c
469 2177 541 2198 exc.
562 2168 593 2198 h.
614 2167 658 2197 mi
675 2166 803 2197 Schoell
817 2168 952 2208 (anap.)
1041 2169 1105 2207 678
1131 2168 1174 2198 mi
1192 2167 1222 2196 h.
1240 2166 1282 2196 mi
1297 2165 1363 2196 cod.
1381 2165 1451 2207 (sed

117 2211 154 2251 cs.
171 2211 319 2250 Lindsqy
338 2210 428 2241 ‘Lat
448 2211 566 2250 λιτῆς]
589 2221 616 2249 7,
639 2210 691 2244 12)
790 2212 855 2250 679
878 2211 965 2250 Quis
980 2211 1105 2241 Bothe:
1130 2210 1241 2250 Siquis
1251 2209 1317 2241 cod.
1401 2209 1452 2239 vel

118 2255 242 2294 quisv':
258 2255 334 2294 quis
352 2254 454 2284 Bothe
566 2255 632 2284 682
656 2254 763 2292 siquia
776 2254 840 2284 cod.
855 2259 889 2285 ut
899 2254 961 2286 vid.
981 2256 1052 2287 (vix
1067 2255 1157 2293 recte)
1262 2253 1326 2292 683
1351 2262 1447 2293 prae-

117 2297 205 2328 tex-iit
230 2298 291 2328 hac
320 2297 492 2328 Fleckeisen
581 2297 646 2327 abii
670 2296 735 2328 cod.
870 2299 933 2337 684
959 2299 1045 2339 perii
1071 2297 1232 2339 Spengel:
1259 2296 1357 2337 periit
1379 2295 1443 2329 cod.

117 2342 182 2380 685
206 2341 255 2372 vel
268 2343 312 2373 sic
325 2340 486 2381 distingne
502 2342 598 2373 ilicet.
620 2350 673 2371 me
876 2356 879 2357 ⁷
