1727 2702
62 113 138 150 ΙΙΙ.
161 112 206 150 iv
585 113 631 150 T.
665 112 846 152 MACCI
878 112 1082 150 PLAVTI

164 236 294 274 neque
333 223 452 262 fuisse
490 236 691 274 umquam,
733 235 863 273 neque
904 235 990 261 esse
1028 221 1211 260 morbum
1253 234 1372 272 quem
1411 220 1498 260 istic

1305 293 1493 325 autumat.

106 369 145 403 75
165 368 302 393 uerum
324 354 354 393 si
376 354 471 405 quid
494 353 635 392 metuis
655 367 678 392 a
699 367 772 401 me,
797 354 888 392 iube
903 357 972 392 'me
992 352 1154 392 uinciri:
1184 354 1288 399 uoto,

163 421 259 459 dum
282 419 367 458 istic
388 420 524 458 itidem
546 419 749 458 uinciatur.
808 420 882 457 Tv.
914 418 1037 457 immo
1058 418 1162 457 enim
1184 431 1288 465 uero,
1313 417 1456 467 Hegio,

164 485 250 523 istic
267 484 333 535 qui
352 486 434 523 uolt
451 484 656 522 uinciatur.
716 486 793 522 AR.
826 491 912 522 tace
933 484 1065 522 modo.
1089 497 1162 533 ego
1183 490 1230 530 te,
1256 482 1496 523 Philocrates

163 552 269 598 false,
292 550 431 589 faciam
453 557 495 588 ut
515 563 630 588 uerus
650 549 771 587 hodie
792 548 982 599 reperiare
1003 549 1219 598 Tyndarus.
1514 559 1585 594 610

164 616 262 667 quid
292 615 345 654 mi
375 615 573 654 abnutas?
629 616 702 653 Tv.
735 614 807 653 tibi
831 627 904 665 ego
928 614 1108 653 abnuto?
1163 615 1240 651 AR.
1273 613 1368 663 quid
1395 620 1494 663 agat,

1141 679 1171 717 si
1191 678 1295 730 apsis
1315 678 1498 728 longius?

106 752 146 781 80
168 748 248 785 HE.
281 745 377 796 quid
397 745 482 784 ais?
511 745 608 796 quid
628 746 659 784 si
683 747 824 785 adeam
849 746 956 784 hunc
976 745 1190 784 insanum?
1245 746 1317 782 Tv.
1350 745 1497 793 nugas!

1219 809 1493 856 ludificabitur,

163 877 301 928 garriet
323 876 417 927 quoi
438 890 568 927 neque
589 890 658 927 pes
679 889 868 927 umquam
890 888 1020 926 neque
1040 882 1159 926 caput
1178 882 1412 925 compareat.

164 950 395 981 ornamenta
414 950 557 992 apsunt
575 957 581 980 :
612 942 786 988 Aiacem,
807 942 912 980 hunc
933 953 1055 991 quom
1075 940 1199 987 uides,
1222 939 1350 990 ipsum
1373 939 1494 978 uides.
1516 942 1583 988 615

166 1010 245 1046 HE.
279 1007 389 1046 nihili
428 1007 540 1046 facio.
599 1015 731 1046 tamen
770 1005 900 1045 adibo.
968 1007 1042 1043 Tv.
1078 1017 1185 1044 nunc
1222 1018 1295 1055 ego
1334 1004 1498 1042 omnino

1356 1070 1495 1116 occidi,

167 1151 273 1177 nunc
293 1151 366 1188 ego
387 1137 487 1176 inter
507 1150 660 1176 sacrum
682 1149 898 1187 saxumque
919 1143 990 1183 sto,
1013 1149 1087 1175 nec
1108 1135 1203 1186 quid
1225 1135 1363 1174 faciam
1385 1134 1477 1173 scio.

105 1207 146 1247 85
170 1206 249 1242 HE.
280 1205 333 1242 do
349 1203 419 1242 tibi
436 1217 607 1254 operam,
624 1202 940 1253 Aristophonte5‚
956 1201 986 1239 si
1003 1201 1098 1251 quid
1113 1209 1170 1240 est
1183 1202 1291 1251 quod
1310 1214 1372 1238 me
1388 1199 1495 1238 uelis.

167 1272 243 1307 AR.
276 1283 322 1308 ex
343 1283 406 1307 me
425 1269 581 1307 audibis
602 1282 695 1307 uera
714 1281 816 1318 quae
837 1280 943 1305 nunc
964 1268 1059 1305 falsa
1079 1267 1249 1317 opinare,
1275 1265 1416 1316 Hegio.

166 1336 235 1373 sed
258 1336 333 1373 boc
354 1334 536 1384 primum,
561 1347 623 1372 me
643 1333 870 1383 expurigare
890 1331 960 1370 tibi
982 1333 1085 1378 uolo,
1110 1344 1172 1369 me
1192 1331 1383 1369 insaniam
1517 1333 1588 1367 620

166 1414 296 1450 neque
313 1407 445 1438 tenere
466 1412 596 1448 neque
614 1398 665 1436 mi
688 1412 773 1436 esse
790 1399 912 1435 ullum
932 1397 1125 1443 morbum,
1143 1396 1215 1434 nisi
1233 1398 1341 1446 quod
1358 1395 1496 1434 seruio.

167 1473 206 1504 at
228 1465 279 1503 ita
296 1478 359 1502 me
375 1478 439 1502 rex
456 1465 620 1502 deorum
634 1471 753 1513 atque
770 1462 977 1501 hominum
992 1462 1084 1500 faxit
1100 1461 1245 1511 patriae
1261 1469 1499 1511 compotem,

108 1546 151 1578 90
170 1539 211 1568 ut
242 1530 327 1568 istic
359 1529 600 1567 Philocrates
634 1541 715 1566 non
748 1527 870 1578 magis
904 1535 961 1566 est
996 1540 1115 1577 quam
1146 1534 1212 1564 aut
1243 1539 1317 1576 ego
1350 1534 1415 1564 aut
1446 1534 1499 1564 tu.

1093 1593 1176 1630 HE.
1210 1593 1286 1630 ebo
1307 1592 1370 1630 dic
1393 1592 1500 1638 mihi,

168 1662 254 1712 quis
277 1661 353 1699 illic
375 1660 489 1711 igitur
504 1662 595 1698 est?
652 1662 727 1698 AR.
761 1673 878 1710 quem
897 1660 1050 1698 dudum
1067 1658 1144 1696 dixi
1166 1671 1189 1695 a
1209 1657 1400 1707 principio
1417 1657 1498 1695 tibi.

168 1729 243 1765 hoc
265 1727 294 1765 si
316 1728 419 1765 secu'
441 1725 619 1776 reperies,
643 1726 790 1763 nullam
812 1737 991 1763 caussam
1012 1724 1104 1763 dico
1127 1723 1221 1773 quin
1245 1722 1339 1760 mihi
1520 1725 1587 1769 625

168 1802 205 1831 et
222 1801 427 1843 parentum
449 1799 487 1829 et
509 1791 697 1829 libertatis
718 1792 824 1841 apud
847 1798 884 1828 te
905 1789 1081 1840 deliquio
1101 1787 1182 1827 siet.

171 1860 250 1896 HE.
283 1857 379 1908 quid
406 1865 447 1895 tu
473 1857 558 1895 ais?
614 1858 687 1894 ΤΥ.
720 1869 783 1894 me
808 1864 918 1894 tuom
943 1869 1028 1894 esse
1057 1868 1211 1894 seruom
1242 1861 1280 1893 et
1304 1861 1342 1892 te
1370 1866 1502 1891 meum

855 1935 975 1960 erum.
1037 1922 1116 1959 HE.
1150 1921 1255 1958 haud
1277 1919 1375 1957 istuc
1396 1931 1500 1967 rogo,

107 2001 147 2032 95
169 1988 302 2027 fuistin
323 1988 452 2026 liber?
507 1989 579 2025 Tv.
614 1987 678 2025 fui.
731 1989 805 2025 AR.
829 1986 934 2025 enim
953 1999 1046 2024 uero
1067 1999 1147 2024 non
1170 1985 1251 2031 fuit,
1270 1997 1392 2034 nugas
1412 1983 1500 2033 agit.

168 2056 241 2092 Tv.
274 2053 340 2103 qui
362 2061 403 2091 tu
425 2053 532 2091 scis?
560 2066 609 2090 an
632 2061 672 2090 tu
696 2053 858 2090 fortasse
879 2051 983 2089 fuisti
1006 2065 1116 2089 meae
1138 2050 1248 2088 matri
1271 2049 1472 2099 opstetrix,

168 2119 236 2169 qui
267 2118 306 2157 id
336 2127 414 2156 tam
444 2119 631 2156 audacter
665 2117 795 2155 dicere
824 2118 977 2155 audes?
1052 2118 1127 2154 Ακ.
1160 2128 1323 2165 puerum
1356 2122 1393 2152 te
1423 2113 1503 2152 uidi
1523 2119 1593 2162 630

1397 2192 1501 2229 puen

171 2251 243 2287 Tv.
276 2257 314 2286 at
335 2262 407 2297 ego
429 2258 466 2286 tc
487 2248 604 2286 uideo
626 2247 748 2286 maior
769 2247 955 2286 maiorem
973 2263 979 2285 :
1010 2246 1072 2285 em
1089 2259 1220 2284 rusum
1242 2245 1322 2283 tibi.

217 2353 279 2389 614
306 2353 385 2390 quoi
406 2351 574 2381 :lcszlallm
593 2364 598 2382 :
624 2351 713 2390 quod
727 2349 791 2381 cod.
808 2352 842 2389 [i.
862 2361 888 2389 7.
907 2360 937 2389 p.
952 2351 1008 2385 21)
1098 2349 1164 2379 616
1189 2348 1283 2378 nihili
1297 2347 1505 2378 Lambinus:

177 2396 256 2424 nihi!
276 2395 338 2425 cod.
467 2398 532 2433 619
560 2396 606 2425 vel
619 2396 739 2433 ovinas
864 2395 928 2423 620
950 2393 999 2423 vel
1014 2393 1089 2423 med
1107 2401 1301 2432 expurgare
1320 2393 1401 2431 (—rg-
1420 2390 1504 2431 cod.)

175 2440 235 2480 631
264 2438 360 2481 (uir)
379 2439 443 2469 uid.
467 2438 604 2468 Mueller
636 2438 751 2468 Rhem.
773 2438 860 2467 Mus.
882 2448 931 2476 54,
953 2438 1016 2477 385
