1727 2712
678 111 968 151 CVRCVLIO
1403 110 1480 146 ΙΙΙ.
1502 107 1516 143 i

158 228 228 265 ΙΝ.
260 226 448 272 concede,
470 223 676 274 inspiciam
698 222 794 273 quid
815 222 863 260 sit
884 222 1084 272 scriptum.
1144 223 1215 261 CV.
1247 233 1441 266 maxume,

158 299 228 330 tuo
246 291 445 337 arbitratu,
467 290 564 328 dum
585 290 758 327 auferam
779 301 849 337 aps
870 294 909 326 te
929 287 970 326 id
991 289 1099 338 quod
1121 295 1224 338 peto.

159 358 229 394 Lv.
265 356 397 394 ‘miles
420 353 570 404 Lyconi
596 352 600 405 l
628 353 667 391 in
689 352 892 403 Epidauro
919 352 922 402 Ι
949 352 1095 403 hospiti

71 434 141 469 430
158 435 230 460 suo
250 419 622 471 Therapontigonus
645 417 914 468 Platagidorus
936 419 1157 468 plurumam
1512 415 1554 446 60

158 488 323 525 salutem
345 484 464 523 dicit.’
522 485 594 523 Cv.
629 496 739 521 meus
760 481 824 520 hie
845 489 913 529 est,
937 483 1099 519 hamum
1120 488 1242 520 uorat.

160 553 229 589 Lv.
265 554 417 588 ‘tecum
437 562 507 588 oro
528 557 566 587 et
587 561 745 598 quaeso,
769 547 836 597 qui
857 548 927 585 has
947 548 1111 585 tabellas
1131 548 1281 584 adferet

159 615 240 662 tibi,
263 623 305 653 ut
326 614 361 654 ei
381 616 496 653 detur
515 627 635 664 quam
656 613 743 651 istic
763 612 841 651 emi
863 612 1066 662 uirginem,

159 682 268 731 quod
288 689 326 719 te
346 688 552 731 praesente
572 679 634 717 isti
655 678 715 728 egi
736 686 854 728 teque
874 677 1095 727 interprete,

72 757 137 794 435
159 754 197 785 et
217 759 354 784 aurum
376 754 414 783 et
435 752 597 783 uestem.
658 743 735 781 iam
757 743 831 781 scis
853 751 895 781 ut
916 742 1169 781 conuenerit:
1513 738 1556 782 65

158 820 363 862 argentum
384 812 454 849 des
475 809 620 856 lenoni,
644 810 735 847 huic
755 810 826 847 des
847 809 1063 858 uirginem.'

159 877 226 915 ubi
247 876 384 927 ipsus?
413 890 485 926 qur
506 889 588 914 non
609 874 751 913 uenit?
808 875 880 913 Cv.
913 887 985 924 ego
1006 873 1136 912 dicam
1157 872 1252 912 tibi:

159 941 251 992 quia
271 941 579 991 nudiusquartus
602 939 784 978 uenimus
806 939 844 977 in
867 938 1022 978 Cariam

159 1021 206 1045 ex
228 1007 367 1054 India3
396 1006 451 1044 ibi
472 1019 578 1044 nunc
599 1012 767 1043 statuam
790 1006 873 1042 uolt
894 1005 987 1042 dare
1007 1017 1165 1042 auream

71 1085 142 1118 440
159 1072 326 1110 solidam
348 1071 574 1109 faciundam
595 1083 641 1108 ex
662 1083 758 1108 auro
780 1069 975 1120 Philippo,
999 1082 1100 1118 quae
1121 1069 1193 1107 siet
1517 1084 1556 1117 70

160 1135 474 1187 septempedalis‚
498 1135 609 1174 factis
632 1141 936 1173 monumentum
959 1134 1048 1172 suis.

162 1203 232 1240 Lv.
263 1214 382 1252 quam
412 1201 464 1239 ob
494 1214 575 1239 rem
606 1199 735 1238 istuc?
792 1200 864 1238 Cv.
897 1199 1037 1237 dicam.
1088 1199 1179 1249 quia
1209 1198 1314 1236 enim
1346 1200 1493 1246 Persas,

1210 1264 1494 1314 Paphlagonas,

161 1331 340 1381 Sinopas,
362 1331 525 1378 Arabes,
549 1331 681 1376 Caras,
706 1330 911 1376 Cretanos,
935 1331 1061 1379 Syros,

163 1397 364 1435 Rhodiam
384 1403 503 1446 atque
524 1394 698 1445 Lyciam,
723 1395 928 1434 Perediam
949 1402 987 1433 et
1009 1393 1290 1440 Perbibesiam,

74 1477 139 1514 445
162 1460 561 1501 Centauromachiam
582 1468 621 1499 et
641 1460 833 1500 Classiam
855 1459 1189 1506 Vnomammiam,
1514 1464 1552 1499 75

163 1526 410 1576 Libyamque
431 1539 539 1564 oram
558 1523 769 1577 (omnem)
789 1526 949 1563 omnem
972 1523 1380 1571 Conterebromniam,

162 1591 369 1629 dimidiam
390 1598 540 1641 partem
561 1590 766 1628 nationum
789 1603 914 1640 usque
934 1589 1113 1627 omnium

163 1656 317 1706 subegit
338 1657 444 1694 solus
465 1655 565 1693 intra
586 1655 724 1705 uiginti
745 1655 840 1693 dies.

165 1724 234 1760 Lv.
268 1723 368 1759 uah!
418 1722 489 1760 CV.
522 1720 618 1770 quid
654 1721 821 1759 mirare?
878 1721 947 1758 Lv.
980 1720 1072 1770 quia
1101 1720 1208 1758 enim
1243 1719 1282 1757 in
1314 1732 1436 1758 cauea
1466 1719 1496 1757 si

1371 1786 1498 1823 forent

76 1869 145 1905 450
165 1851 355 1898 conclusi,
377 1851 514 1889 itidem
535 1859 578 1889 ut
598 1851 693 1901 pulli
713 1851 929 1900 gallinacei,
1518 1850 1558 1880 80

165 1917 218 1955 ita
238 1929 318 1955 non
339 1925 502 1966 potuere
523 1930 602 1954 uno
623 1930 729 1954 anno
749 1916 996 1955 circumirier.

165 1983 284 2020 credo
304 1982 435 2019 hercle
456 1989 493 2019 te
514 1994 599 2019 esse
618 1981 669 2018 ab
690 1981 767 2027 illo,
791 1995 882 2019 nam
905 1981 957 2019 ita
977 1994 1100 2031 nugas
1120 1981 1246 2020 blatis.

208 2086 273 2124 428
296 2084 445 2115 auferam
463 2083 536 2114 Ital.
555 2096 561 2115 :
585 2084 733 2114 adseram
751 2084 816 2115 cod.
906 2095 970 2124 429
995 2084 1164 2127 (hospes)
1180 2084 1305 2124 hospiti
1323 2084 1496 2115 Fleckeisen

165 2131 229 2168 436
252 2129 301 2159 vel
315 2128 392 2159 huic
491 2128 519 2158 is
543 2128 618 2158 huic
643 2129 700 2158 det
724 2127 861 2158 Mueller
1001 2139 1064 2168 437
1090 2129 1146 2159 vix
1168 2129 1276 2168 ipsust
1431 2128 1496 2168 438

167 2174 322 2203 uenimfis
345 2176 527 2212 suspectum
616 2172 815 2202 aduenimus
833 2172 967 2203 Cariam
991 2171 1087 2203 Goetz
1233 2183 1299 2210 440
1322 2170 1494 2210 philippeo

166 2215 234 2248 cod.
321 2224 383 2255 443
409 2219 555 2245 cretatos
577 2214 683 2253 Syros
699 2214 872 2256 Kz'essling,
889 2216 953 2246 sal.
977 2215 1049 2246 τοὺς
1073 2215 1284 2255 Λευκοσύρους
1432 2225 1493 2254 444

168 2259 343 2291 Perediam
362 2263 396 2289 et
414 2258 586 2289 Bibesiam
601 2258 715 2288 Festus
731 2268 793 2298 214
808 2271 814 2290 :
841 2260 963 2298 perr-eh
988 2260 1076 2290 diam
1094 2264 1127 2289 et
1145 2270 1206 2299 per
1223 2259 1409 2289 heblesiam
1426 2259 1490 2288 cod.

167 2304 231 2341 446
254 2312 389 2333 omnem
415 2301 530 2332 add1di
550 2302 646 2334 (eto.
664 2301 802 2340 Sclzoell)
937 2305 1001 2341 448
1026 2304 1113 2333 intra
1136 2303 1210 2333 Ital.
1232 2315 1238 2333 :
1273 2303 1404 2333 interea
1428 2301 1494 2333 cod.

167 2357 232 2384 450
256 2347 403 2376 conclusi
420 2345 514 2387 (illi)
530 2345 713 2381 Fleckeisen,
734 2346 787 2376 cui
799 2346 909 2376 hiatus
924 2347 957 2377 in
971 2353 1081 2389 [ausa
1101 2346 1240 2389 displicet
1369 2355 1431 2386 452
1447 2346 1498 2378 vel

169 2390 245 2423 illoc
336 2400 411 2421 nam
429 2389 488 2421 del.
507 2389 642 2430 Langen
