1727 2712
669 111 958 150 CVRCVLIO
1429 116 1483 153 ΙΙ.
1506 116 1551 152 iii

148 221 187 259 in
208 220 383 260 carnario
403 222 567 260 fortasse
587 220 696 259 dicis.
756 221 830 258 PH.
864 219 988 258 immo
1008 220 1047 258 in
1069 221 1258 270 lancibus,
1501 239 1542 272 45

65 301 126 338 325
146 300 248 337 quae
263 286 334 325 tibi
351 294 442 325 sunt
462 294 606 337 parata,
625 293 835 336 postquam
853 285 999 323 scimus
1020 294 1240 326 uenturum.
1293 289 1365 327 Cv.
1389 289 1481 328 uide

145 366 195 391 ne
225 365 287 390 me
317 353 439 390 ludas.
502 354 575 389 PH.
608 351 662 389 ita
690 364 754 388 me
783 350 932 388 amabit
962 351 1081 400 quam
1114 366 1187 402 ego
1218 367 1309 392 amo
1339 361 1380 391 ut
1407 367 1481 404 ego

1198 419 1276 456 hau
1298 419 1476 458 mentior.

143 483 213 520 sed
234 483 342 531 quod
364 489 402 520 te
424 481 521 529 misi,
545 481 669 519 nihilo
690 494 777 519 sum
798 480 949 519 certior.
1009 482 1081 521 Cv.
1114 482 1212 520 nihil
1231 483 1353 521 attuli.

143 549 220 585 PH.
240 546 444 597 perdidisti
462 560 535 584 me.
586 547 657 585 Cv.
682 545 859 583 inuenire
875 559 1052 595 possum,
1069 546 1099 584 si
1117 547 1170 584 mi
1187 561 1346 597 operam
1363 548 1475 587 datis.

141 620 352 663 postquam
374 620 442 650 tuo
464 612 571 650 iussu
592 613 789 662 profectus
811 625 908 658 sum,
933 612 1096 662 perueni
1117 612 1157 649 in
1179 612 1350 661 Cariam,
1497 630 1539 662 50

53 689 122 724 330
140 677 258 716 uideo
279 685 389 715 tuom
412 678 604 722 sodalem,
623 676 772 726 argenti
792 689 887 726 rogo
908 676 964 714 uti
986 676 1101 715 faciat
1121 677 1287 727 copiam.

139 742 256 781 scires
277 743 378 781 uelle
399 742 562 792 gratiam
583 750 705 789 tuam,
725 741 851 780 noluit
872 742 1099 789 frustrarier,

137 815 179 845 ut
200 808 314 846 decet
335 809 437 845 uelle
459 807 663 846 hominem
683 806 857 845 amicum
878 807 1007 845 amico
1028 814 1147 857 atque
1168 807 1417 858 opitularier:

137 872 338 922 respondit
359 872 454 910 mihi
476 871 611 922 paucis
632 871 774 919 uerbis,
796 879 915 922 atque
935 873 1036 910 adeo
1058 872 1234 919 fideliter,

135 938 244 987 quod
265 937 336 975 tibi
357 944 415 976 est
435 937 529 975 item
550 936 625 974 sibi
646 950 742 984 esse,
765 950 949 986 magnam
970 937 1362 988 argenti—inopiam.
1489 961 1530 992 55

48 1014 114 1052 335
137 1003 210 1040 ΡΗ.
234 1001 364 1052 perdis
381 1015 444 1040 me
460 1001 536 1039 tuis
552 1001 678 1040 dictis.
733 1002 806 1041 CV.
829 1002 953 1040 immo
969 1015 1084 1041 seruo
1098 1010 1135 1040 et
1149 1011 1345 1041 seruatum
1363 1005 1466 1042 uolo.

134 1074 345 1116 postquam
367 1067 462 1104 mihi
484 1074 765 1117 responsumst,
788 1067 890 1105 abeo
910 1067 960 1105 ab
989 1067 1055 1105 illo
1076 1075 1248 1106 maestus
1269 1069 1319 1106 ad
1342 1070 1467 1107 forum

134 1133 226 1170 med
246 1132 313 1171 illo
333 1134 473 1171 frustra
491 1132 712 1170 aduenisse.
772 1133 870 1170 forte
890 1132 1040 1182 aspicio
1061 1133 1235 1171 militem.

131 1197 338 1247 adgredior
358 1197 572 1244 hominem,
596 1198 724 1236 saluto
744 1197 973 1236 adueniens.
1037 1199 1187 1236 ‘salue'
1207 1198 1335 1248 inquit
1357 1199 1462 1246 mihi,

131 1262 287 1313 prendit
307 1264 519 1310 dexteram,
542 1262 706 1310 seducit,
729 1270 838 1313 rogat
859 1263 956 1313 quid
977 1263 1135 1302 ueniam
1158 1264 1312 1303 Cariam
1329 1279 1338 1311 3
1484 1274 1528 1306 60

44 1342 112 1376 340
130 1327 222 1366 dico
243 1341 306 1366 me
327 1327 394 1366 illo
413 1328 624 1366 aduenisse
644 1328 767 1366 animi
789 1341 937 1366 caussa.
983 1328 1037 1367 ibi
1059 1342 1123 1366 me
1143 1328 1364 1379 interrogat,

129 1405 295 1442 ecquem
317 1393 356 1430 in
380 1393 581 1443 Epidauro
602 1395 804 1443 Lyconem
825 1393 1051 1443 tarpezitam
1073 1394 1263 1432 nouerim.

127 1457 219 1496 dico
240 1472 303 1496 me
324 1459 491 1497 nouisse.
552 1462 561 1478 ‘
576 1459 702 1508 quid?
731 1461 917 1497 lenonem
939 1460 1221 1509 Cappadocem
1235 1462 1272 1498 ?’
1301 1461 1436 1499 adnuo

127 1522 313 1561 uisitasse.
378 1525 467 1561 ‘sed
489 1523 585 1573 quid
607 1537 697 1561 eum
719 1523 778 1561 uis
792 1525 829 1561 ?'
860 1526 869 1542 ⁶
884 1523 976 1573 quia
997 1525 1047 1562 de
1068 1524 1134 1562 illo
1155 1525 1233 1562 emi
1255 1525 1444 1575 uirginem

126 1579 280 1638 triginta
301 1588 428 1635 minis,
451 1596 614 1635 uestem,
636 1602 775 1626 aurum
791 1603 800 1636 3
831 1596 869 1627 et
889 1602 960 1639 pro
982 1589 1012 1627 is
1033 1590 1172 1628 decem
1194 1603 1242 1628 eo
1261 1592 1457 1629 accedunt
1476 1602 1518 1645 65

1305 1656 1458 1695 minae.'

39 1727 102 1764 345
123 1718 291 1756 ‘dedisti
321 1726 360 1756 tu
391 1720 647 1768 argentum?’
685 1718 859 1769 inquam.
921 1720 1065 1758 ‘immo
1095 1719 1201 1770 apud
1232 1722 1456 1771 tarpezitam

1258 1794 1376 1824 srtum
1397 1795 1455 1826 est

122 1848 231 1886 illurn
252 1862 370 1898 quem
392 1848 471 1887 dixi
494 1850 708 1898 Lyconem,
729 1857 849 1899 atque
870 1849 904 1888 ei
927 1850 1124 1898 mandaui,
1148 1850 1215 1900 qui
1235 1853 1355 1890 anulo

122 1928 211 1953 meo
231 1916 394 1954 tabellas
415 1915 639 1965 opsignatas
659 1916 862 1963 attulisset,
886 1925 927 1954 ut
948 1918 1057 1955 daret

121 1993 280 2030 operam
301 1988 343 2018 ut
364 1980 567 2019 mulierem
583 1995 606 2019 a
626 1983 769 2020 lenone
785 1995 875 2020 cum
895 1995 991 2021 auro
1012 1990 1050 2021 et
1071 1990 1180 2021 ueste
1200 1984 1439 2024 abduceret!

161 2093 225 2123 325
249 2085 386 2115 sciimus
402 2084 480 2114 PBD
592 2095 654 2124 327
679 2086 768 2125 quod
789 2085 941 2117 Guietus:
967 2098 1035 2126 quo
1051 2087 1117 2118 cod.
1233 2089 1299 2127 328
1324 2091 1449 2128 possim

118 2126 170 2157 PE
283 2138 345 2168 334
371 2129 459 2159 idem
478 2127 672 2158 Niemoeller
739 2129 828 2172 (Pu.
845 2131 926 2169 quid
940 2133 949 2161 2
968 2130 1055 2173 Cv.)
1070 2141 1224 2170 magnam
1239 2131 1385 2171 Mueller,
1400 2133 1454 2165 cui

118 2170 228 2202 lziatus
241 2175 315 2202 ante
325 2172 470 2212 inopiam
492 2171 589 2212 (παρὰ
606 2175 768 2212 προσδοκ.,
784 2179 843 2213 pro
860 2174 1008 2214 copiam)
1028 2174 1167 2215 displicet
1290 2186 1352 2215 337
1372 2182 1451 2217 post

117 2214 204 2246 hunc
227 2226 358 2246 vem-um
387 2215 579 2246 intercidisse
602 2217 763 2247 certiorem
791 2217 903 2248 militis
928 2217 1168 2249 denotationem
1195 2219 1291 2250 credit
1316 2219 1449 2260 Sejfflrt

116 2268 180 2297 339
204 2259 384 2298 prehendit
411 2260 565 2290 dextram
590 2259 655 2290 cod.
676 2260 710 2300 (i.
725 2271 748 2291 e.
770 2261 889 2299 praeh·
903 2261 930 2300 2)
1064 2272 1127 2301 344
1153 2273 1194 2292 eo
1216 2264 1384 2294 accedunt
1401 2265 1443 2305 (3)

119 2301 253 2333 Guietus
271 2315 278 2332 :
302 2304 511 2333 coaccedunt
530 2302 594 2333 cod.
729 2313 792 2342 345
817 2303 961 2334 dedistin
984 2304 1171 2345 Fleckeisen,
1193 2307 1246 2337 cui
1267 2308 1445 2341 dedisti-tu

118 2355 182 2379 non
194 2346 300 2387 placet
388 2347 490 2377 immo
507 2344 657 2390 (inquit)
674 2345 815 2387 Pylades
