1727 2712
663 101 926 141 EPIDICVS
1396 100 1465 138 IV.
1487 99 1502 137 i

52 223 114 262 545
242 213 301 252 sin
322 220 404 252 east
425 226 544 264 quam
565 213 712 252 incerte
731 220 906 259 autumo,
929 213 1032 250 hanc
1053 210 1283 262 congrediar
1302 218 1400 250 astu.

243 280 317 316 ΡΗ.
349 277 551 317 muliebris
570 278 799 317 adhibenda
819 276 916 316 mihi
936 276 1083 315 malitia
1104 290 1210 316 nunc
1234 284 1304 316 est.

136 345 204 381 PE.
235 344 497 394 compellabo.
556 346 630 382 ΡΗ.
663 342 849 382 orationis
869 342 995 381 aciem
1017 350 1154 381 contra
1173 344 1383 381 conferam.
1489 358 1527 389 25

136 409 203 446 PE.
227 409 335 446 salua
355 408 441 447 sies.
490 410 564 446 ΡΗ.
587 410 752 447 salutem
773 406 925 457 accipio
947 407 1042 445 mihi
1064 415 1101 446 et
1123 407 1230 446 meis.
1279 409 1349 445 PE.
1372 406 1468 457 quid

1266 480 1439 511 ceterum
1453 474 1470 511 Ρ

135 539 210 576 ΡΗ.
246 539 376 576 saluos
407 538 482 577 sis:
524 539 632 589 quod
663 538 863 577 credidisti
891 539 1026 577 reddo.
1086 539 1156 576 PE.
1190 538 1297 576 haud
1324 550 1469 576 accuso

1335 603 1467 641 fidem.

51 679 117 718 550
135 668 258 706 nouin
279 682 352 718 ego
372 670 443 707 te?
499 670 574 708 ΡΗ.
605 669 637 707 si
665 682 738 719 ego
764 676 802 708 te
829 668 934 715 noui,
957 668 1134 707 animum
1156 668 1343 706 inducam
1365 676 1407 706 ut
1428 676 1469 706 tu

1300 732 1467 771 noueris.

135 799 204 836 PE.
236 798 303 837 ubi
334 807 373 838 te
401 799 589 839 uisitaui?
647 801 721 838 ΡΗ.
744 799 879 850 inique
900 799 1083 838 iniuriu’s.
1145 800 1214 836 PE.
1246 798 1342 848 quid
1363 798 1472 836 iam?

1271 865 1345 901 PH.
1379 863 1471 913 quia

133 937 224 968 tuae
238 930 451 969 memoriae
464 930 706 981 interpretari
721 945 784 970 me
796 945 966 981 aequom
980 943 1128 969 censes.
1167 931 1240 968 ΡΗ.
1257 930 1470 967 commode
1490 938 1531 970 30

134 995 349 1034 fabulata's.
409 997 483 1034 ΡΗ.
507 996 605 1035 mira
625 1010 831 1044 memoras,
851 994 1123 1049 <Periphane>
1188 996 1256 1032 PE.
1284 1007 1347 1033 em
1370 994 1469 1032 istuc

1314 1067 1466 1098 rectius.

136 1125 412 1164 meministin?
479 1128 554 1165 ΡΗ.
598 1127 761 1165 memini
792 1127 832 1166 id
866 1127 975 1177 quod
1010 1125 1183 1165 memini.
1257 1127 1324 1162 PE.
1357 1132 1395 1163 at
1429 1124 1468 1162 in

820 1192 1077 1242 Epidauro—
1108 1193 1181 1228 PH.
1213 1191 1287 1228 ah!
1318 1191 1468 1240 guttula

52 1268 114 1306 555
135 1265 274 1308 pectus
293 1258 435 1296 ardens
456 1256 510 1295 mi
529 1257 736 1307 aspersisti.
797 1259 864 1296 PE.
897 1257 1036 1307 uirgini
1057 1257 1319 1306 pauperculae

134 1330 305 1372 tuaeque
324 1321 438 1360 matri
459 1336 522 1360 me
542 1323 673 1361 leuare
693 1330 961 1373 paupertatem
978 1323 994 1360 ?
1052 1322 1126 1359 ΡΗ.
1158 1328 1229 1359 tun
1251 1320 1281 1358 is
1302 1333 1343 1359 es

134 1387 201 1438 qui
222 1401 290 1438 per
306 1389 551 1438 uoluptatem
568 1396 676 1426 tuam
693 1388 732 1425 in
748 1401 810 1426 me
829 1400 1059 1426 aerumnam
1073 1385 1262 1437 opseuisti
1275 1387 1465 1435 grauem?
1484 1394 1524 1426 35

135 1454 203 1491 PE.
236 1465 309 1502 ego
340 1465 440 1490 sum.
473 1453 590 1491 salue.
651 1453 725 1490 ΡΗ.
759 1453 866 1490 salua
896 1465 982 1490 sum
1013 1450 1105 1502 quia
1134 1452 1172 1489 te
1201 1463 1287 1489 esse
1313 1451 1466 1489 saluom

1327 1515 1465 1554 sentio.

136 1584 203 1621 PE.
237 1583 338 1621 cedo
372 1596 545 1621 manum.
607 1584 680 1621 ΡΗ.
712 1582 858 1634 accipe.
916 1595 1193 1621 aerumnosam
1229 1589 1267 1620 et
1301 1581 1470 1620 miseria-

1134 1660 1220 1685 rum
1241 1654 1469 1696 compotem

51 1721 119 1766 560
136 1713 339 1752 mulierem
355 1713 507 1752 retines.
559 1715 627 1752 PE.
650 1712 746 1763 quid
761 1721 818 1751 est
834 1714 943 1763 quod
959 1714 1090 1751 uoltus
1107 1717 1169 1751 'rte
1182 1712 1336 1751 turbat†
1353 1714 1471 1750 tuos?

137 1781 211 1817 ΡΗ.
254 1780 373 1817 filiam
413 1793 532 1829 quam
571 1793 618 1817 ex
656 1786 694 1817 te
733 1778 942 1828 suscepi—
972 1780 1039 1816 PE.
1084 1778 1179 1828 quid
1218 1779 1335 1816 eam?
1392 1779 1466 1815 ΡΗ.

1096 1845 1280 1881 eductam
1301 1842 1466 1892 perdidi.

133 1910 306 1948 hostium
321 1917 378 1948 est
395 1909 529 1960 potita.
577 1911 646 1948 PE.
669 1910 772 1948 habe
792 1909 968 1948 animum
989 1910 1119 1947 lenem
1141 1916 1179 1946 et
1199 1907 1464 1958 tranquillum.
1487 1922 1530 1953 40

1367 1981 1463 2011 tace.

179 2090 241 2119 545
265 2081 337 2110 sein
355 2079 387 2109 A
407 2092 413 2111 :
437 2078 465 2110 si
480 2079 614 2120 Geppert
694 2079 869 2110 incertoP
944 2084 1082 2110 autumo
1102 2078 1334 2110 Camerarius:
1354 2078 1467 2108 animo

135 2123 187 2154 P:
211 2125 344 2164 aquijo
361 2124 395 2154 A
525 2132 589 2162 550
605 2128 640 2154 ut
657 2123 707 2163 tu]
728 2124 777 2153 uti
790 2123 824 2153 Ρ
842 2126 936 2164 (Ξρνο
952 2125 998 2154 uti
1018 2124 1067 2155 tu]
1192 2132 1255 2162 553
1275 2121 1468 2161 Periphane

136 2168 172 2198 in
188 2167 221 2196 A
236 2166 344 2207 fuisse
358 2167 547 2207 suspicatur
567 2165 799 2198 Studemund:
828 2178 893 2199 om.
910 2167 943 2197 P
965 2168 1013 2206 scs
1035 2166 1082 2196 ad
1098 2178 1125 2197 v.
1149 2166 1228 2207 554)
1247 2177 1252 2195 ε
1278 2175 1342 2205 age
1366 2164 1468 2204 plane

138 2211 180 2251 (3)
203 2208 339 2251 Seyffert
479 2220 540 2249 554
565 2210 654 2249 quod
672 2235 679 2241 .
701 2235 708 2242 .
729 2234 735 2241 .
753 2216 786 2242 at
810 2222 874 2242 om.
895 2210 929 2241 Ρ
954 2211 1095 2251 ‘propter
1105 2210 1287 2249 fenestram
1311 2212 1371 2239 aut
1394 2219 1465 2239 ma-

136 2253 246 2284 culam
268 2255 300 2284 in
317 2254 462 2295 pagina)
582 2255 708 2293 556-61
736 2258 867 2285 tantum
878 2255 1003 2295 priores
1018 2264 1174 2284 versuum
1190 2256 1300 2293 partes
1323 2256 1468 2283 servatae

135 2297 214 2328 inA
305 2307 367 2337 557
386 2308 440 2328 me
452 2307 646 2328 aerumnam
660 2296 870 2328 Camerarius
885 2311 889 2329 :
915 2309 988 2328 mea
1003 2307 1163 2327 aerumna
1179 2295 1256 2337 (en)
1270 2295 1303 2326 P
1316 2295 1362 2328 (A
1379 2308 1410 2326 n.
1426 2296 1465 2333 l.)

138 2351 201 2380 559
224 2341 309 2381 aen]
323 2351 561 2372 aerumnarum
572 2340 661 2372 codd.
674 2340 848 2380 Nonii456
937 2343 999 2380 560
1017 2341 1128 2371 uoltus
1144 2339 1353 2370 Camerarius
1367 2351 1373 2369 :
1400 2340 1465 2370 duo

139 2386 204 2415 itus
218 2384 306 2417 PrA
323 2396 354 2416 n.
372 2385 409 2425 l.)
429 2385 458 2425 (1
470 2390 534 2425 pro
552 2384 591 2414 LX«
684 2385 838 2415 deturbat
850 2384 922 2416 Ital.
943 2397 949 2415 z
972 2395 1009 2415 se
1027 2384 1138 2414 turbat
1150 2383 1253 2422 Jacob
1268 2394 1274 2413 :
1297 2383 1464 2414 turbatust

140 2427 235 2458 Goetz
254 2429 374 2460 (immo
389 2428 531 2466 uoltust}
639 2430 701 2465 562
720 2434 792 2460 tace
813 2429 946 2470 Geppert
961 2441 967 2458 ε
994 2429 1065 2459 face
1082 2428 1114 2458 P
1130 2428 1176 2457 (A
1194 2438 1225 2458 n.
1240 2426 1276 2465 I.)
1310 2427 1408 2466 Fpro
1421 2427 1463 2458 T]
