1727 2712
660 81 865 122 CASINA
1378 68 1432 105 11.
1454 64 1500 101 iii

159 200 373 252 quicquam
394 190 772 243 commemorari<er>
790 189 899 239 quod
923 188 1011 237 plus
1039 183 1118 223 sali'
1140 182 1266 233 plusq'
1293 177 1436 228 leporis

1318 242 1438 281 hodie

108 331 252 370 habeat
269 344 279 377 3
308 340 457 378 coquos
485 324 670 375 equidem
700 319 805 359 nimi’
827 316 1009 362 demiror,
1032 313 1099 364 qui
1123 318 1285 350 utuntur
1305 306 1439 347 condi-

1282 372 1436 418 mentis,

23 477 91 502 220
109 475 177 501 eos
198 475 245 499 eo
266 458 524 497 condimento
545 468 625 493 uno
650 451 767 504 (non)
786 449 895 494 utier‚
918 445 1094 486 omnibu'
1116 443 1224 493 quod
1245 445 1424 491 praestat.
1458 453 1476 485 5

110 541 201 566 nam
240 524 308 564 ubi
347 537 456 562 amor
495 520 794 560 condimentum
834 513 973 560 inierit,
1013 509 1170 562 quoiuis
1208 506 1439 558 placituram

1111 571 1279 627 (escam)
1298 570 1417 609 credo
1433 583 1443 616 3

113 670 241 706 neque
263 656 408 693 salsum
430 665 558 702 neque
580 662 700 689 suaue
725 660 810 686 esse
836 651 966 696 potest
992 641 1217 692 quicquam,
1240 636 1308 676 ubi
1334 647 1444 673 amor

1079 718 1160 744 non
1180 702 1419 742 admiscetur
1437 715 1444 738 :

115 789 164 826 fel
186 787 294 837 quod
315 790 539 829 amarumst,
559 781 599 819 id
620 780 698 818 mel
719 776 845 823 faciet,
863 773 1067 814 hominem
1089 785 1135 809 ex
1151 768 1248 807 tristi
1269 766 1446 816 lepidum

1245 841 1283 871 et
1303 833 1444 870 lenem.

117 919 219 956 hanc
251 929 324 966 ego
359 915 409 953 de
443 926 506 951 me
536 909 803 950 coniecturam
834 903 942 944 domi
977 901 1078 941 facio
1108 898 1221 949 magi'
1252 909 1371 947 quam
1401 908 1448 933 ex

1276 959 1420 999 auditis
1439 973 1448 1006 3

31 1063 96 1098 225
118 1047 185 1098 qui
207 1047 329 1097 quom
349 1057 440 1083 amo
469 1041 667 1086 Casinam,
691 1036 803 1088 magi'
832 1035 950 1080 niteo,
974 1029 1177 1071 munditiis
1206 1024 1446 1066 Munditiam
1472 1039 1510 1062 10

1262 1091 1423 1130 antideo
1443 1105 1449 1127 ;

119 1178 341 1229 myropolas
362 1174 491 1214 omnis
512 1170 691 1217 sollicito,
709 1168 982 1218 ubiquomque
1002 1171 1060 1202 est
1081 1161 1255 1212 lepidum
1278 1169 1451 1206 unguen-

1168 1234 1262 1270 tum,
1286 1234 1453 1272 unguor,

121 1317 163 1349 ut
183 1309 237 1348 illi
257 1309 463 1359 placeam3
493 1312 531 1343 et
558 1304 707 1353 placeo,
730 1307 772 1338 ut
798 1298 947 1337 uideor.
1007 1295 1077 1333 sed
1107 1305 1202 1330 uxor
1232 1303 1295 1327 me
1324 1299 1454 1326 excru-

1120 1357 1208 1402 ciat,
1231 1354 1323 1405 quia
1343 1351 1452 1391 uiuit.

123 1440 271 1479 tristem
301 1445 427 1476 astare
456 1433 616 1485 aspicio.
676 1430 822 1470 blande
852 1429 949 1466 haec
980 1423 1075 1463 mihi
1106 1423 1208 1460 mala
1237 1433 1296 1458 res
1326 1417 1456 1468 appel-

1247 1484 1365 1522 landa
1385 1488 1454 1519 est.

179 1582 275 1608 uxor
314 1580 401 1605 mea
436 1576 604 1613 meaque
638 1558 867 1605 amoenitas,
905 1555 1002 1606 quid
1036 1561 1077 1591 tu
1111 1551 1224 1601 agis?
1285 1550 1356 1587 CL.
1393 1544 1457 1584 abi

969 1627 1087 1669 atque
1107 1615 1261 1667 apstine
1282 1625 1455 1651 manum.

42 1714 110 1750 230
182 1703 253 1739 Lv.
276 1698 375 1744 heia,
392 1710 480 1735 mea
494 1697 609 1740 Iuno,
625 1705 705 1730 non
720 1691 835 1729 decet
851 1700 936 1727 esse
952 1694 990 1724 te
1006 1693 1085 1723 tam
1103 1683 1252 1721 tristem
1270 1687 1338 1718 tuo
1356 1677 1454 1716 Ioui.
1480 1693 1516 1724 15

182 1779 262 1817 quo
294 1776 398 1803 nunc
432 1761 548 1801 abis?
606 1760 676 1798 CL.
710 1755 821 1794 mitte
850 1766 924 1792 me.
985 1752 1055 1789 Lv.
1088 1760 1215 1786 mane.
1275 1746 1345 1784 CL.
1378 1756 1458 1781 non

695 1833 848 1859 maneo.
908 1819 978 1856 Lv.
1009 1822 1049 1853 at
1069 1815 1135 1865 pol
1156 1825 1229 1863 ego
1249 1818 1287 1849 te
1308 1821 1458 1858 sequar.

239 1897 311 1936 CL.
343 1906 518 1944 opsecro,
541 1902 667 1928 sanun
688 1889 762 1926 es?
819 1887 890 1923 Lv.
922 1894 1053 1921 sanus.
1092 1892 1211 1930 quam
1233 1877 1299 1915 ted
1319 1877 1434 1913 amo!

240 1963 311 2001 CL.
335 1960 428 1998 nolo
444 1969 562 1995 ames.
624 1955 694 1991 Lv.
717 1964 798 1990 non
813 1956 926 2000 potes
943 1947 1161 1997 impetrare.
1222 1943 1294 1981 CL.
1317 1939 1458 1978 enicas.

241 2028 311 2064 LY.
343 2036 436 2062 uera
455 2021 564 2061 dicas
585 2017 715 2057 uelim.
775 2016 846 2055 CL.
879 2014 997 2052 credo
1019 2024 1092 2061 ego
1113 2009 1213 2047 istuc
1234 2005 1316 2045 tibi.

179 2140 243 2161 220
267 2139 333 2159 non
351 2126 427 2158 add.
448 2125 522 2156 Izal.
552 2123 613 2161 (iii,
643 2122 675 2162 ι)
807 2128 866 2149 221
894 2126 1037 2155 namque
1064 2112 1275 2145 Camerarius
1362 2108 1462 2138 inerit

137 2175 209 2206 Ital.
279 2182 388 2203 escam
401 2168 621 2208 add-Seyffert
632 2164 750 2204 (iii.11)
819 2163 874 2193 vix
889 2159 1034 2201 quoiiuis
1046 2158 1246 2198 placiturum
1261 2163 1308 2184 cr.
1399 2161 1462 2190 225

136 2228 235 2258 quom
248 2216 339 2247 Reiz:
358 2224 456 2254 quam
469 2211 534 2243 cod.
604 2209 652 2240 vel
663 2218 760 2247 mage
828 2206 920 2237 niteo
935 2202 1145 2234 Gulielmius:
1163 2199 1264 2229 inicio
1294 2196 1372 2235 -tio)
1382 2194 1463 2226 cod.:

136 2266 231 2292 tanto
249 2259 384 2300 Seyffert
449 2253 664 2287 munditianti
676 2252 741 2283 deo
757 2248 822 2281 cod.
911 2257 975 2286 225
991 2246 1040 2277 vel
1054 2255 1150 2283 mage
1219 2244 1282 2272 226
1307 2241 1391 2270 miro
1411 2238 1463 2278 pol

137 2306 198 2336 has
214 2303 279 2336 cod.
342 2312 379 2333 es
395 2300 460 2332 cod.
541 2308 602 2337 227
622 2296 752 2336 placeat
763 2299 797 2325 et
809 2292 874 2324 cod.
959 2291 1023 2322 228
1042 2288 1126 2319 mala
1140 2296 1230 2316 mers
1241 2284 1325 2314 Bm'x
1401 2292 1465 2320 229

138 2357 272 2379 manum
290 2346 343 2377 abi
360 2351 460 2385 atque
478 2342 611 2374 abstine
629 2339 774 2379 Sevff‘ert,
797 2347 877 2367 nam
896 2335 1026 2374 apstine
1044 2331 1156 2371 dactyl.
1175 2329 1311 2359 hocloco
1327 2325 1466 2366 displicet

139 2402 198 2432 231
226 2391 275 2421 vel
289 2388 372 2421 mitt¹
447 2397 509 2426 232
534 2394 635 2425 quom
648 2381 847 2422 Bothe,fort.
860 2383 932 2410 recte
945 2378 996 2419 (cf.
1013 2378 1091 2416 225)
1169 2381 1233 2411 233
1257 2379 1385 2409 enegas
1398 2367 1462 2399 cod.
