1727 2702
166 114 234 151 IV.

196 266 239 304 iii

259 114 304 151 iii
682 115 729 152 T.
763 114 943 154 MACCI
975 115 1178 152 PLAVTI
1227 83 1235 89 ·

516 265 777 302 ERorrvm
891 263 1340 302 MENAECHMvsI

262 352 336 389 ER.
370 350 470 399 Quis
491 349 554 388 hic
575 364 638 389 me
658 350 839 400 quaerit?
896 352 1011 389 ΜΕΝ.
1043 349 1116 389 sibi
1137 349 1320 389 inimicus
1340 349 1454 400 magi’
1472 362 1592 400 quam

1354 415 1470 454 aetati
1491 423 1592 454 tuae.

265 483 340 520 ER.
372 480 425 519 mi
456 482 732 529 Menaechme,
759 495 831 532 qur
859 489 952 520 ante
979 481 1089 520 aedis
1117 483 1250 520 astas?
1288 495 1451 531 sequere
1480 480 1594 519 intro.

1322 547 1436 584 ΜΕΝ.
1468 558 1595 584 mane.

265 610 349 650 scin
377 611 472 662 quid
500 618 558 650 est
585 612 694 661 quod
721 625 794 661 ego
820 612 871 649 ad
900 619 937 650 te
964 610 1112 650 uenio?
1170 612 1246 649 ER.
1277 610 1370 658 scio,
1393 618 1435 649 ut
1460 609 1530 649 tibi
1550 623 1598 649 ex

1311 689 1375 715 me
1395 675 1443 714 sit
1462 676 1596 726 uolup.

267 742 382 779 ΜΕΝ.
426 740 550 780 immo
587 741 730 791 edepol
769 742 912 791 pallam
947 740 1065 788 illam,
1102 741 1247 779 amabo
1286 748 1334 787 te,
1371 753 1489 790 quam
1526 738 1598 778 tibi

1319 806 1471 844 dudum
1492 804 1596 852 dedi,

229 888 247 920 5
268 871 364 910 mihi
384 885 472 911 eam
493 873 627 911 redde.
685 885 782 910 uxor
808 871 965 911 resciuit
991 885 1073 911 rem
1094 885 1266 918 omnem,
1291 878 1332 909 ut
1359 872 1506 909 facturn
1526 877 1596 917 est,

1448 935 1599 975 ordine.

266 1015 341 1053 ego
362 1001 432 1040 tibi
454 1002 645 1041 redimam
668 1002 727 1041 bis
749 1010 856 1041 tanta
876 1002 996 1053 pluris
1017 1004 1161 1053 pallam
1183 1015 1301 1052 quam
1324 1003 1447 1041 uoles.

271 1070 348 1107 ER.
379 1067 450 1106 tibi
470 1067 563 1107 dedi
581 1067 767 1118 equidem
785 1067 901 1114 illam,
921 1069 972 1107 ad
992 1067 1250 1118 phrygionem
1267 1070 1308 1106 ut
1325 1069 1452 1115 ferres,
1467 1068 1602 1117 paullo

1482 1131 1599 1182 prius,

268 1207 306 1238 et
327 1199 424 1238 illud
445 1198 603 1249 spinter,
626 1206 669 1237 ut
688 1199 740 1237 ad
759 1199 973 1237 auruficem
994 1199 1121 1245 ferres,
1145 1205 1188 1237 ut
1207 1199 1316 1237 fieret
1336 1211 1497 1237 nouom.

271 1265 389 1302 ΜΕΝ.
428 1263 525 1302 mihi
559 1271 600 1302 tu
634 1271 677 1302 ut
714 1263 870 1304 dederis
904 1265 1047 1315 pallam
1082 1271 1120 1303 et
1158 1264 1335 1314 spinter?
1385 1277 1601 1314 numquam

1255 1330 1402 1368 factum
1422 1327 1600 1379 reperies.

215 1409 255 1434 10
274 1408 366 1434 nam
396 1409 470 1446 ego
499 1394 661 1446 quidem
691 1402 902 1445 postquam
932 1394 1038 1432 illam
1067 1395 1221 1434 dudum
1251 1393 1321 1432 tibi
1351 1393 1456 1440 dedi,
1486 1401 1605 1443 atque

220 1868 256 1901 Ῑ5

1284 1458 1362 1497 abii
1382 1460 1433 1498 ad
1453 1460 1605 1497 forum:

274 1539 380 1565 nunc
401 1527 533 1574 redeo,
554 1538 660 1564 nunc
681 1532 720 1564 te
743 1524 922 1576 postillac
943 1524 1072 1564 uideo.
1133 1526 1210 1564 ER.
1239 1524 1359 1563 uideo
1378 1537 1498 1574 quam
1522 1538 1603 1564 rem

1510 1589 1605 1640 agis.

274 1657 367 1707 quia
387 1655 578 1703 commisi,
602 1663 645 1695 ut
665 1669 729 1695 me
748 1656 944 1703 defrudes,
965 1656 1017 1694 ad
1037 1668 1124 1694 eam
1145 1668 1226 1694 rem
1247 1656 1422 1694 adfectas
1441 1654 1558 1693 uiam.

278 1725 392 1761 ΜΕΝ.
426 1735 556 1772 neque
576 1722 718 1771 edepol
740 1729 778 1760 te
798 1720 1034 1760 defrudandi
1056 1734 1193 1759 caussa
1213 1733 1336 1771 posco
1357 1720 1469 1770 (quin
1490 1719 1561 1759 tibi

276 1787 368 1827 dico
388 1800 548 1826 uxorem
570 1786 923 1837 resciuisse)—ER.
957 1799 1030 1824 nec
1050 1793 1088 1824 te
1109 1787 1210 1824 ultro
1230 1785 1337 1824 oraui
1359 1793 1402 1824 ut
1421 1786 1557 1825 dares:

277 1861 360 1892 tute
381 1854 482 1891 ultro
502 1853 553 1891 ad
575 1865 638 1890 me
659 1851 844 1896 detulisti,
867 1850 1012 1890 dedisti
1034 1863 1120 1889 eam
1142 1851 1251 1889 dono
1272 1850 1367 1889 mihi
1384 1865 1393 1899 3

276 1919 443 1958 eandem
466 1930 572 1955 nunc
593 1916 788 1968 reposcis:
819 1915 953 1966 patiar.
1012 1915 1081 1953 tibi
1105 1916 1217 1963 habe,
1240 1917 1358 1962 aufer,
1382 1923 1489 1955 utere

277 1985 339 2023 uel
361 1991 401 2022 tu
423 1984 486 2021 uel
508 1990 574 2021 tua
595 1996 704 2030 uxor,
724 1983 787 2020 uel
808 1980 926 2020 etiam
948 1980 988 2018 in
1009 1981 1160 2019 loculos
1181 1980 1433 2031 compingite.

321 2091 384 2128 675
402 2088 452 2119 vel
468 2097 563 2126 mage
631 2086 877 2129 <quist)quam
891 2087 1025 2125 Rn'tschl,
1041 2088 1094 2118 cni
1107 2097 1206 2127 quam
1229 2086 1233 2127 Ι
1253 2092 1318 2118 aet.
1332 2085 1471 2127 displicet
1527 2086 1606 2124 sort.

281 2133 386 2172 magis
405 2133 452 2162 in.
551 2133 618 2170 676
642 2131 705 2161 mci
723 2130 803 2168 cod„
823 2136 860 2162 ut
874 2131 939 2163 vid.
1038 2133 1101 2170 677
1127 2131 1282 2171 uoluptas
1298 2129 1362 2161 cod.
1383 2129 1418 2169 (i.
1438 2131 1473 2165 8,
1497 2139 1529 2169 p.
1550 2131 1607 2169 27)

278 2178 345 2207 680
369 2181 463 2206 tanto
481 2175 552 2205 ΡΠ)
570 2174 616 2205 B*
643 2174 716 2205 (sed
740 2175 775 2215 ff
800 2175 908 2206 Ilavet
934 2174 1032 2206 Arch.
1063 2174 1136 2205 Lat.
1162 2173 1327 2214 Lexr'cogr.
1351 2183 1402 2212 ῐῐ,
1424 2183 1510 2214 579;
1543 2172 1610 2204 Leo

280 2219 354 2252 ibid.
375 2230 421 2256 12,
437 2225 495 2259 99)
597 2219 658 2249 681
686 2219 744 2249 tibi
759 2219 915 2258 equidem
935 2219 1010 2249 dedi
1028 2217 1162 2260 Seyffir!
1242 2219 1333 2258 prins
1349 2217 1423 2248 Ital.
1441 2228 1448 2247 z
1475 2217 1526 2247 uis
1541 2216 1608 2248 cod.

280 2265 343 2294 682
368 2262 416 2294 vel
431 2263 507 2294 illuc
605 2264 669 2302 683
695 2267 729 2293 ut
748 2268 779 2293 tu
799 2263 830 2293 B
908 2262 1061 2302 reperies
1077 2261 1266 2292 Prsscianns
1286 2272 1311 2296 1,
1337 2271 1390 2301 151
1407 2273 1414 2299 ς
1450 2260 1611 2291 releceris

280 2307 344 2338 cod.
363 2307 544 2345 (relegeris
562 2305 645 2339 ΡΟ).
665 2307 794 2337 dixeris
812 2306 877 2337 132»
895 2321 899 2338 ι
909 2312 970 2346 pro
987 2306 1156 2336 rcicccres
1167 2307 1193 2336 25
1283 2306 1348 2344 685
1366 2305 1443 2336 dost
1460 2304 1534 2336 illac
1545 2303 1610 2335 cod.

283 2352 374 2381 (corr.
395 2350 460 2387 B‘3)
583 2351 648 2381 686
670 2361 756 2390 quac
774 2350 876 2380 Balla*
991 2350 1056 2388 689
1080 2349 1218 2380 tctulisti
1237 2347 1370 2388 Rstschl,
1391 2359 1472 2379 nam
1490 2348 1610 2380 dedrsti

281 2394 419 2434 displicet
440 2395 492 2434 (cf.
513 2396 578 2432 630
600 2394 703 2424 detuli
722 2393 770 2423 B‘J
794 2399 854 2433 pro
877 2393 987 2424 tetulit
1085 2392 1165 2431 fort.
1191 2393 1338 2423 dedrstin
1366 2392 1612 2433 (interrogalt'va

280 2438 411 2477 omm'a)
501 2440 568 2477 690
590 2437 677 2468 habe
695 2437 752 2468 tibi
772 2436 905 2468 Gm'elus
993 2439 1053 2475 691
1081 2435 1207 2467 loculos
1223 2435 1386 2467 Balbaclt:
1411 2435 1527 2468 oculos
1543 2435 1609 2467 cod.

1610 354 1655 399 67

1676 791 1702 873 t.

1618 874 1695 1076 ..i

1676 1077 1693 1142 ξ

1676 1185 1689 1351 ἱ

1678 1379 1696 1407 ,.

1623 1513 1702 1573 εεὲζ

1625 1919 1694 1963 69ο
