1727 2712
624 98 942 137 MERCATOR
1396 100 1449 137 II.
1470 98 1500 135 ii

38 213 105 248 280
123 210 219 249 mihi
240 224 325 250 esse
345 210 385 250 in
406 212 514 259 urbe,
537 225 587 250 ne
608 225 671 250 me
692 218 891 262 exspectet
907 226 917 260 ;
944 225 1035 250 nam
1058 211 1153 250 mihi

121 275 187 314 tris
209 276 328 315 hodie
348 276 425 315 litis
446 276 678 316 iudicandas
698 276 831 315 dicito.
1474 297 1512 319 10

121 340 144 387 i,
166 347 205 379 et
225 342 302 379 hoc
322 349 525 380 memento
546 341 686 380 dicere.
744 343 808 380 SE.
840 341 1035 392 numquid
1056 341 1254 392 amplius?

122 407 192 443 Lv.
215 413 417 445 tantumst.
458 408 534 445 DE.
559 406 802 456 Lysimache,
821 408 938 445 salue.
990 408 1060 445 Lv.
1084 409 1217 456 erigae,
1238 406 1450 457 Demipho,

122 472 284 509 salueto.
344 471 440 522 quid
461 472 572 522 agis?
602 471 699 523 quid
721 473 795 510 fit?
853 474 929 510 DE.
962 474 1071 522 quod
1093 472 1356 511 miserrumus.

36 539 100 584 285
122 537 192 574 Lv.
225 536 266 574 di
301 537 440 575 melius
469 537 590 575 faxint
608 540 614 575 !
674 539 750 575 DE.
781 538 822 576 di
856 538 932 575 hoc
967 537 1129 587 quidem
1159 537 1317 576 faciunt.
1378 539 1448 575 Lv.

1249 602 1344 652 quid
1365 603 1452 642 est?

124 668 200 705 DE.
231 666 376 715 dicam,
398 667 428 706 si
450 667 608 706 uideam
630 667 701 706 tibi
722 681 807 706 esse
827 680 987 718 operam
1008 676 1075 706 aut
1095 667 1231 706 otium.
1472 684 1509 715 15

122 733 190 770 Lv.
223 745 465 783 quamquam
486 732 736 783 negotiumst,
760 732 791 771 si
812 732 908 783 quid
928 733 1022 779 ueis,
1048 732 1262 783 Demipho,

122 811 202 836 non
222 812 308 836 sum
330 806 546 849 occupatus
568 811 758 848 umquam
778 798 908 836 amico
929 811 1088 848 operam
1110 800 1212 837 dare.

123 864 197 901 DE.
230 863 513 914 benignitatem
535 870 643 901 tuam
665 862 762 901 mihi
783 862 942 913 experto
963 863 1175 913 praedicas.

34 939 103 975 290
121 928 216 978 quid
237 928 308 967 tibi
329 942 402 978 ego
422 928 559 967 aetatis
581 928 748 967 uideor?
805 929 875 966 Lv.
908 928 1232 975 Accherunfflcus,

119 1007 237 1032 senex
257 1002 382 1041 uetus,
403 993 636 1044 decrepitus.
698 995 774 1032 DE.
806 1006 991 1044 peruorse
1011 993 1133 1032 uides.
1466 1012 1509 1034 20

118 1072 214 1109 puer
233 1062 331 1105 sum,
356 1058 599 1109 Lysimache,
623 1058 862 1109 septuennis.
922 1060 994 1096 Lv.
1025 1071 1149 1097 sanun
1171 1072 1212 1097 es

117 1124 184 1174 qui
205 1137 370 1174 puerum
391 1132 429 1163 te
449 1138 534 1164 esse
555 1125 696 1163 dicas?
754 1126 830 1163 DE.
863 1138 956 1162 uera
980 1124 1176 1173 praedico.

118 1191 187 1228 Lv.
221 1190 343 1229 modo
363 1191 493 1228 hercle
513 1190 553 1228 in
575 1198 750 1229 mentem
771 1189 879 1228 uenit
899 1189 996 1239 quid
1016 1196 1058 1227 tu
1079 1189 1229 1229 diceres
1246 1206 1253 1229 :

29 1269 96 1306 295
117 1268 235 1294 senex
256 1268 378 1305 quom
399 1257 596 1306 extemplo
617 1263 686 1303 est,
710 1255 788 1294 iarn
809 1268 882 1293 nec
903 1254 1021 1293 sentit
1041 1268 1115 1294 nec
1135 1255 1246 1306 sapit,

115 1320 226 1358 aiunt
246 1321 370 1359 solere
390 1333 481 1359 eum
503 1334 637 1359 rusum
658 1334 942 1371 repuerascere.
1469 1341 1484 1362 2
1492 1341 1509 1373 5

117 1387 193 1424 DE.
225 1386 349 1424 immo
370 1386 429 1424 bis
450 1393 560 1424 tanto
581 1387 696 1425 ualeo
716 1399 835 1436 quam
857 1385 962 1425 ualui
983 1385 1100 1435 prius.

116 1452 185 1489 Lv.
219 1452 321 1490 bene
341 1452 472 1490 hercle
492 1453 640 1490 factum
662 1459 700 1490 et
719 1453 886 1502 gaudeo.
948 1452 1025 1489 DE.
1057 1450 1179 1490 immo
1201 1452 1231 1490 si
1253 1452 1364 1502 scias,

115 1515 263 1554 oculeis
284 1528 445 1566 quoque
466 1516 584 1554 etiam
606 1518 695 1566 plus
715 1516 793 1554 iarn
814 1516 934 1555 uideo
955 1529 1074 1566 quam
1096 1517 1212 1567 prius.

29 1594 98 1631 300
117 1582 186 1619 Lv.
232 1581 380 1619 benest.
441 1582 516 1619 DE.
559 1582 685 1620 malae
723 1581 777 1620 rei
816 1580 941 1620 deico.
1002 1582 1073 1619 ΙΝ.
1112 1581 1190 1620 iam
1225 1582 1324 1621 istuc
1364 1597 1444 1622 non

1292 1649 1441 1687 benest.

117 1713 193 1750 DE.
225 1712 295 1750 sed
315 1711 515 1750 aussimne
535 1725 609 1762 ego
630 1712 699 1750 tibi
717 1712 850 1762 eloqui
871 1711 1068 1751 fideliter?
1463 1728 1504 1759 30

115 1778 186 1815 Lv.
216 1777 413 1815 audacter.
475 1778 550 1814 DE.
582 1776 759 1815 animum
779 1778 955 1815 aduorte.
1016 1779 1086 1815 Lv.
1120 1778 1185 1816 fiet
1206 1778 1356 1816 sedulo.

115 1843 191 1880 DE.
224 1840 344 1879 hodie
365 1841 442 1879 eire
463 1841 600 1891 occepi
621 1841 661 1879 in
682 1842 819 1880 ludum
842 1841 1082 1887 litterarium,

114 1906 358 1956 Lysimache.
410 1914 538 1944 ternas
559 1906 642 1944 scio
662 1906 750 1944 iarn.
812 1907 881 1944 Lv.
905 1906 1001 1956 quid
1023 1908 1184 1944 ternas?
1242 1908 1316 1944 DE.
1339 1920 1440 1945 amo.

25 1981 92 2019 305
114 1973 185 2010 Lv.
216 1979 286 2009 tun
307 1971 435 2021 capite
455 1985 556 2010 cano
576 1985 695 2019 amas,
719 1984 838 2010 senex
858 1971 1145 2021 nequissume?

156 2077 214 2107 281
243 2076 355 2107 leiteis
370 2075 404 2105 A
498 2076 653 2113 deicitso)
672 2075 705 2105 A
886 2076 949 2106 282
974 2075 1012 2105 Ei
1029 2075 1063 2105 P
1149 2075 1264 2106 dicere
1282 2077 1443 2117 numquid

112 2119 169 2150 vix
178 2120 282 2160 placet
368 2119 504 2150 adicere
519 2118 646 2151 Schoell
659 2131 665 2150 :
694 2119 774 2158 fort.
796 2120 870 2150 dice
1004 2120 1066 2157 284
1092 2118 1206 2149 salueo
1223 2119 1256 2149 P
1378 2121 1442 2160 285

113 2174 156 2195 m.
185 2163 310 2194 sacient
336 2162 369 2192 A
475 2163 588 2202 quidst
614 2163 647 2193 A
678 2164 748 2202 &vix
766 2168 828 2203 pro
855 2163 934 2202 quid
962 2163 1043 2193 idst‘»
1177 2164 1242 2193 286
1275 2173 1327 2202 op.
1366 2174 1442 2195 esse

112 2206 246 2245 Ritschl,
267 2207 322 2237 cui
334 2206 393 2236 tibi
414 2205 418 2246 Ι
439 2217 515 2238 esse
531 2206 671 2247 displicet
780 2207 845 2245 289
869 2211 1012 2246 exporto
1034 2206 1067 2235 A
1191 2208 1254 2246 298
1278 2207 1306 2236 si
1330 2217 1394 2239 om.
1411 2208 1446 2238 P

111 2260 178 2289 300
201 2251 325 2280 bonum
342 2254 394 2281 est
410 2249 443 2279 P
457 2250 509 2289 (cf.
528 2249 575 2280 ad
587 2249 704 2280 Bacch.
726 2251 805 2291 502)
896 2260 956 2289 301
983 2249 1143 2290 fideliter]
1163 2250 1271 2290 siquid
1289 2251 1388 2280 uelim
1411 2250 1446 2281 P

111 2303 176 2332 303
199 2294 231 2324 in
249 2292 364 2324 ludum
381 2295 496 2333 occepi
514 2293 686 2324 literarum
704 2293 737 2323 P
924 2304 987 2332 304
1012 2293 1103 2333 amo]
1122 2294 1193 2324 scio
1210 2295 1242 2324 A
1377 2305 1440 2334 305

114 2347 191 2376 neq.
222 2337 353 2378 [homo]
380 2337 413 2366 A
443 2338 506 2377 (vel
526 2342 587 2376 pro
614 2346 690 2368 amo
717 2341 892 2367 correctura
925 2347 1031 2376 marg.
1064 2336 1111 2367 ad
1138 2347 1166 2368 v.
1197 2347 1258 2377 304
1287 2337 1437 2381 adsm'pt.

112 2380 162 2415 vel
176 2390 243 2412 var.
263 2380 328 2412 lect.
351 2380 452 2411 homo
470 2383 565 2422 neq.)
