1727 2702
159 94 228 132 IV.
252 94 281 130 ii
669 95 716 134 T.
750 95 928 134 MACCI
961 95 1163 133 PLAVTI

417 221 506 246 nam
529 214 566 246 et
589 208 692 245 intus
713 220 841 257 paueo
862 215 899 245 et
921 206 1011 245 foris
1032 207 1160 246 formi-

415 273 493 319 -do,
517 272 569 310 ita
589 285 694 310 nunc
716 271 926 322 utrubique
947 279 1074 310 metus
1095 285 1158 310 me
1177 271 1307 322 agitat,
1600 275 1645 312 68
1666 315 1671 318 ,

195 357 237 381 20
417 337 469 375 ita
489 344 580 375 sunt
600 336 780 376 homines
802 336 941 375 misere
963 336 1101 375 miseri.
1672 378 1685 384 ,-

362 402 424 440 ille
446 414 551 439 nunc
572 402 695 440 laetus
716 409 785 449 est,
809 401 985 452 quisquis
1007 409 1075 448 est,
1099 401 1164 451 qui
1187 401 1292 440 illam
1314 401 1444 448 habet,
1599 404 1622 440 6
1669 385 1689 406 “’

361 481 462 518 quae
483 480 612 517 neque
632 467 697 506 illa
717 467 769 505 illi
792 467 1004 518 quicquam
1027 467 1112 506 usui
1134 476 1172 506 et
1193 467 1289 506 mihi
1309 481 1395 507 esse
1415 474 1567 518 potest:

416 533 486 571 sed
508 539 654 571 memet
676 544 805 570 moror
827 544 947 582 quom
969 533 1046 571 hoc
1066 545 1139 582 ago
1161 532 1290 571 setius.

418 597 592 644 Halisca,
616 598 692 635 hoc
711 609 793 647 age,
815 597 866 635 ad
888 596 1026 636 te'rram
1049 597 1179 648 aspice
1200 604 1238 636 et
1259 596 1428 648 despice,

196 683 234 716 25
417 662 541 701 oculis
562 661 784 712 inuesfiges,
807 669 934 700 astute
954 675 1110 712 augura.
1447 710 1450 713 ι

256 729 326 766 LA.
349 740 424 766 era.
487 729 560 765 PH.
584 726 674 765 hem
695 729 702 764 l
752 728 821 764 LA.
845 728 1034 765 est—PH.
1059 726 1154 777 quid
1171 728 1261 765 est?
1305 727 1375 764 LA.
1391 727 1496 775 *haec
1512 733 1581 765 est.
1602 728 1669 776 695
1725 736 1727 766 1

661 793 734 829 PH.
758 791 875 841 quis?
932 793 1002 830 LA.
1026 791 1119 842 quoi
1141 793 1238 831 haec
1258 791 1401 831 excidit
1422 791 1582 830 cistella.
1678 787 1680 790 ¹

256 859 330 895 PH.
363 865 468 895 certe
488 869 623 895 eccam
640 871 649 903 3
679 857 809 894 locum
832 855 968 906 signat,
992 856 1059 894 ubi
1081 869 1126 895 ea
1147 856 1313 895 excidit:
1343 863 1513 906 apparet.

363 923 444 959 HA.
477 922 546 959 sed
568 920 598 959 is
619 921 693 959 hac
714 920 766 967 iit,
789 921 863 959 hac
884 920 988 959 socci
1010 921 1129 960 uideo

362 985 571 1036 uestigium
593 985 632 1023 in
653 986 825 1035 puluere,
848 998 1059 1036 persequar
1079 987 1162 1025 hac.

195 1070 235 1101 30
362 1051 401 1089 in
423 1052 498 1090 hoc
521 1051 598 1089 iam
619 1052 707 1090 loco
728 1064 818 1090 cum
839 1052 961 1090 altero
982 1051 1166 1090 constitit.
1226 1050 1289 1089 hic

361 1116 458 1156 meis
479 1117 592 1155 turba
612 1116 736 1154 oculis
758 1118 878 1156 modo
899 1131 940 1156 se
961 1117 1129 1156 obiecit:
1601 1122 1647 1167 69

361 1195 490 1232 neque
511 1195 670 1232 prosum
693 1181 735 1219 iit
757 1182 853 1219 hac:
885 1181 948 1220 hic
969 1181 1084 1228 stetit,
1109 1181 1201 1219 hinc
1222 1180 1262 1219 il·
1599 1195 1671 1229 700
1721 1189 1727 1223 ῐ

361 1249 413 1285 -lo
434 1246 534 1285 exiit.
596 1246 659 1284 hic
681 1245 892 1284 concilium
915 1246 995 1284 fuit.
1601 1257 1672 1292 700

360 1313 410 1350 ad
431 1313 532 1350 duos
552 1311 702 1357 attinet,
726 1310 967 1361 liquidumst.
1027 1318 1123 1349 attat
1143 1314 1149 1349 ἔ

193 1395 231 1427 35
414 1377 610 1427 singulum
632 1376 839 1427 uestigium
858 1376 986 1415 uideo.
1600 1382 1666 1416 701

307 1443 375 1481 sed
393 1442 424 1480 is
441 1443 513 1480 hac
529 1441 636 1480 abiit.
673 1442 963 1492 contemplabd.
1006 1440 1098 1479 hinc
1114 1441 1192 1479 huc
1208 1440 1265 1487 iit,
1277 1440 1370 1479 hinc
1385 1453 1581 1491 nusquam

1473 1506 1578 1545 abiit.

304 1579 431 1610 actam
455 1584 534 1610 rem
555 1584 630 1620 ago
700 1572 807 1620 quod
829 1570 951 1621 periit,
968 1570 1104 1621 periit:
1134 1583 1265 1609 meum
1287 1569 1436 1609 corium
1456 1570 1584 1623 (cum)

1419 1635 1578 1674 cistella.

253 1703 372 1741 redeo
402 1701 514 1740 intro.
575 1703 648 1739 ΡΗ.
682 1700 830 1747 mulier,
861 1699 1027 1753 <mane‚>
1053 1714 1178 1739 mane.
1238 1707 1328 1740 sunt
1348 1700 1415 1751 qui
1442 1702 1581 1739 uolunt

1270 1765 1308 1804 te
1328 1773 1577 1804 conuentam.

295 1872 360 1911 689
385 1871 428 1901 ita
444 1869 589 1901 Sslmell:
615 1870 670 1900 illo
693 1869 757 1900 cod.
780 1870 833 1901 (rx
852 1880 880 1900 v.
901 1870 966 1908 690
977 1869 1003 1907 ³)
1093 1868 1143 1899 vel
1162 1869 1207 1898 sic
1226 1868 1390 1909 distingue
1414 1869 1458 1899 ita
1481 1878 1508 1899 s.
1535 1869 1578 1901 h..

254 1925 294 1946 m.
313 1925 354 1946 m.
446 1917 511 1953 690
539 1924 549 1944 ι
578 1913 627 1952 vel
646 1913 748 1944 bacch.
777 1913 845 1949 (Ill'
867 1937 872 1942 .
895 1937 901 1942 .
920 1937 926 1944 .
949 1913 1060 1948 habet,
1077 1923 1163 1952 quae
1183 1911 1300 1951 Neque
1317 1936 1324 1943 .
1346 1936 1353 1942 .
1373 1936 1380 1944 .
1401 1912 1491 1952 potis
1511 1913 1579 1950 est)

251 1961 311 1999 691
340 1963 373 1988 et
390 1957 543 1998 Seyffi‘ri:
569 1962 620 1988 est
637 1956 701 1987 cod.
774 1956 822 1987 vel
836 1956 878 1986 mi
897 1957 962 1986 ess'
984 1960 1095 1995 potest
1167 1965 1242 1986 esse
1261 1954 1387 1996 potest]
1405 1956 1510 1986 exitio
1527 1959 1579 1986 est

253 2001 318 2033 Leo
405 2003 470 2041 692
490 2001 629 2039 segnius
645 1999 768 2039 Ussing
853 2001 916 2037 693
930 1999 1011 2038 sort.
1031 2009 1093 2038 age
1107 1998 1229 2030 delend.
1245 1999 1301 2030 (iv.
1319 1999 1354 2038 3)
1443 1999 1507 2037 694
1532 1999 1579 2029 in-

253 2047 402 2084 uestiges
417 2045 493 2085 (3³)
507 2054 550 2074 an
569 2044 766 2081 inuestigies
785 2041 891 2079 (PBD)
910 2043 1014 2074 εἰη-ενι.
1029 2041 1095 2074 cod.
1114 2054 1121 2072 :
1139 2043 1171 2072 in
1190 2042 1343 2081 uestigiis
1355 2041 1481 2073 Schoell
1496 2041 1578 2082 (glir-

253 2090 364 2127 cortic.)
455 2090 519 2127 695
542 2087 598 2118 LA.
611 2092 663 2117 est
676 2086 738 2117 Pu.
751 2086 808 2117 del.
826 2086 1037 2117 Camerarius
1101 2086 1176 2125 quis
1188 2084 1435 2126 <est)Ss›engeI
1515 2085 1581 2123 696

253 2143 364 2163 eccam
391 2131 549 2172 Pylades:
581 2140 695 2161 eccum
721 2130 810 2161 cod.:
844 2134 895 2160 cst
919 2139 996 2160 cum
1018 2129 1082 2160 Leo
1171 2129 1279 2159 locum
1301 2127 1461 2167 Pylades:
1486 2127 1580 2159 locus

252 2176 316 2207 rod.
450 2176 514 2214 698
538 2184 582 2205 an
607 2174 815 2213 persequor?
847 2183 927 2203 nam
954 2175 1141 2213 persequar
1167 2173 1363 2202 inusitatum
1516 2181 1581 2210 700

253 2220 329 2250 illuc
348 2218 412 2250 cod.
513 2228 570 2257 701
599 2217 794 2256 liquidumst
814 2215 961 2248 Schocll:
986 2216 1066 2256 liqui
1084 2220 1164 2246 sunt
1184 2212 1235 2249 (Ξ
1248 2218 1257 2245 ‘l
1275 2214 1340 2246 cod.
1361 2213 1463 2255 (unde
1478 2214 1579 2253 liquis

254 2262 322 2299 ΡΒ)
448 2264 525 2300 Ἰοι“
550 2261 647 2292 uideo
673 2260 849 2298 uestigium
875 2259 941 2290 cod.
966 2260 1037 2297 (vix
1058 2259 1156 2290 uamb.
1184 2258 1281 2289 dium
1416 2268 1478 2297 702
1501 2268 1579 2288 con-

254 2305 442 2346 templabor
457 2304 523 2335 cod.
630 2313 692 2343 703
717 2303 857 2343 popei-iit
875 2303 974 2342 periit
990 2302 1056 2332 cod.
1125 2312 1198 2333 cum
1217 2301 1292 2332 add.
1315 2301 1407 2332 Valla
1516 2310 1577 2340 704

253 2351 308 2380 vix
323 2348 386 2393 (o)
405 2359 469 2379 niu.
563 2346 705 2390 (manc)
722 2347 796 2377 add.
817 2348 841 2373 ¹1²
876 2345 949 2381 Lm,
973 2346 1058 2376 ‘m'si
1077 2346 1163 2376 intro
1183 2344 1386 2384 oisyllalmm
1399 2346 1406 2359 '
