<?xml version="1.0" encoding="UTF-8"?>
<!DOCTYPE html PUBLIC "-//W3C//DTD XHTML 1.0 Transitional//EN"
    "http://www.w3.org/TR/xhtml1/DTD/xhtml1-transitional.dtd">
<html xmlns="http://www.w3.org/1999/xhtml" xml:lang="en" lang="en">
 <head>
  <title>
</title>
<meta http-equiv="Content-Type" content="text/html;charset=utf-8" />
  <meta name='ocr-system' content='tesseract 3.04.00' />
  <meta name='ocr-capabilities' content='ocr_page ocr_carea ocr_par ocr_line ocrx_word'/>
</head>
<body>
  <div class='ocr_page' id='page_1' title='image "./comoediaerecogno01plauuoft_0187.png"; bbox 0 0 1727 2712; ppageno 0'>
   <div class='ocr_carea' id='block_1_1' title="bbox 692 137 1572 177">
    <p class='ocr_par' dir='ltr' id='par_1_1' title="bbox 692 137 1572 177">
     <span class='ocr_line' id='line_1_1' title="bbox 692 137 1572 177; baseline -0.001 -2"><span class='ocrx_word' id='word_1_1' title='bbox 692 137 1016 177; x_wconf 88' lang='lat' dir='ltr'>BACCHIDES</span> <span class='ocrx_word' id='word_1_2' title='bbox 1468 140 1522 176; x_wconf 87' lang='lat' dir='ltr'><strong>II.</strong></span> <span class='ocrx_word' id='word_1_3' title='bbox 1544 138 1572 174; x_wconf 89' lang='lat' dir='ltr'><strong>ii</strong></span> 
     </span>
    </p>
   </div>
   <div class='ocr_carea' id='block_1_2' title="bbox 432 282 1573 321">
    <p class='ocr_par' dir='ltr' id='par_1_2' title="bbox 432 282 1573 321">
     <span class='ocr_line' id='line_1_2' title="bbox 432 282 1573 321; baseline 0.001 -2"><span class='ocrx_word' id='word_1_4' title='bbox 432 282 829 319; x_wconf 82' lang='lat' dir='ltr'><strong>PlsTocLERvs</strong></span> <span class='ocrx_word' id='word_1_5' title='bbox 942 282 1279 321; x_wconf 69' lang='lat' dir='ltr'><strong>CHRYSALvs</strong></span> <span class='ocrx_word' id='word_1_6' title='bbox 1542 283 1573 320; x_wconf 86' lang='lat' dir='ltr'><strong>ii</strong></span> 
     </span>
    </p>
   </div>
   <div class='ocr_carea' id='block_1_3' title="bbox 93 375 1585 2324">
    <p class='ocr_par' dir='ltr' id='par_1_3' title="bbox 93 375 1585 2324">
     <span class='ocr_line' id='line_1_3' title="bbox 189 375 1342 427; baseline 0.002 -13"><span class='ocrx_word' id='word_1_7' title='bbox 189 378 247 414; x_wconf 92' lang='lat' dir='ltr'><strong>P1.</strong></span> <span class='ocrx_word' id='word_1_8' title='bbox 281 375 467 415; x_wconf 88' lang='lat' dir='ltr'><strong>Mirumst</strong></span> <span class='ocrx_word' id='word_1_9' title='bbox 488 390 552 415; x_wconf 90' lang='lat' dir='ltr'><strong>me</strong></span> <span class='ocrx_word' id='word_1_10' title='bbox 572 384 615 415; x_wconf 88' lang='lat' dir='ltr'><strong>ut</strong></span> <span class='ocrx_word' id='word_1_11' title='bbox 634 377 793 415; x_wconf 82' lang='lat' dir='ltr'>redeam</span> <span class='ocrx_word' id='word_1_12' title='bbox 814 383 852 415; x_wconf 91' lang='lat' dir='ltr'><strong>te</strong></span> <span class='ocrx_word' id='word_1_13' title='bbox 873 389 991 427; x_wconf 88' lang='lat' dir='ltr'><strong>opere</strong></span> <span class='ocrx_word' id='word_1_14' title='bbox 1012 384 1122 415; x_wconf 86' lang='lat' dir='ltr'><strong>tanto</strong></span> <span class='ocrx_word' id='word_1_15' title='bbox 1143 390 1342 427; x_wconf 82' lang='lat' dir='ltr'><strong>quaesere,</strong></span> 
     </span>
     <span class='ocr_line' id='line_1_4' title="bbox 103 441 1172 492; baseline 0 -13"><span class='ocrx_word' id='word_1_16' title='bbox 103 445 168 480; x_wconf 85' lang='lat'><strong>180</strong></span> <span class='ocrx_word' id='word_1_17' title='bbox 187 441 255 492; x_wconf 92' lang='lat' dir='ltr'><strong>qui</strong></span> <span class='ocrx_word' id='word_1_18' title='bbox 275 441 383 480; x_wconf 88' lang='lat' dir='ltr'><strong>abire</strong></span> <span class='ocrx_word' id='word_1_19' title='bbox 403 441 496 479; x_wconf 91' lang='lat' dir='ltr'><strong>hinc</strong></span> <span class='ocrx_word' id='word_1_20' title='bbox 517 443 627 480; x_wconf 92' lang='lat' dir='ltr'><strong>nullo</strong></span> <span class='ocrx_word' id='word_1_21' title='bbox 651 449 768 492; x_wconf 91' lang='lat' dir='ltr'><strong>pacto</strong></span> <span class='ocrx_word' id='word_1_22' title='bbox 789 441 949 491; x_wconf 90' lang='lat' dir='ltr'><strong>possim,</strong></span> <span class='ocrx_word' id='word_1_23' title='bbox 973 441 1004 479; x_wconf 90' lang='lat' dir='ltr'><strong>si</strong></span> <span class='ocrx_word' id='word_1_24' title='bbox 1025 441 1144 480; x_wconf 91' lang='lat' dir='ltr'><strong>uelim</strong></span> <span class='ocrx_word' id='word_1_25' title='bbox 1165 457 1172 479; x_wconf 90' lang='lat'>:</span> 
     </span>
     <span class='ocr_line' id='line_1_5' title="bbox 187 505 1141 556; baseline -0.001 -11"><span class='ocrx_word' id='word_1_26' title='bbox 187 506 240 546; x_wconf 88' lang='lat' dir='ltr'><strong>ita</strong></span> <span class='ocrx_word' id='word_1_27' title='bbox 260 521 323 545; x_wconf 89' lang='lat' dir='ltr'><strong>me</strong></span> <span class='ocrx_word' id='word_1_28' title='bbox 344 507 533 545; x_wconf 85' lang='lat' dir='ltr'><strong>uadatum</strong></span> <span class='ocrx_word' id='word_1_29' title='bbox 554 519 688 544; x_wconf 90' lang='lat' dir='ltr'><strong>amore</strong></span> <span class='ocrx_word' id='word_1_30' title='bbox 709 505 968 556; x_wconf 86' lang='lat' dir='ltr'><strong>uinctumque</strong></span> <span class='ocrx_word' id='word_1_31' title='bbox 988 506 1141 545; x_wconf 85' lang='lat' dir='ltr'><strong>attines.</strong></span> 
     </span>
     <span class='ocr_line' id='line_1_6' title="bbox 186 571 1209 622; baseline -0.001 -11"><span class='ocrx_word' id='word_1_32' title='bbox 186 573 264 612; x_wconf 81' lang='lat' dir='ltr'><strong>CH.</strong></span> <span class='ocrx_word' id='word_1_33' title='bbox 296 585 366 622; x_wconf 92' lang='lat' dir='ltr'><strong>pro</strong></span> <span class='ocrx_word' id='word_1_34' title='bbox 387 571 427 610; x_wconf 92' lang='lat' dir='ltr'><strong>di</strong></span> <span class='ocrx_word' id='word_1_35' title='bbox 449 571 687 619; x_wconf 90' lang='lat' dir='ltr'><strong>inmortales,</strong></span> <span class='ocrx_word' id='word_1_36' title='bbox 710 571 968 610; x_wconf 88' lang='lat' dir='ltr'><strong>Pistoclerum</strong></span> <span class='ocrx_word' id='word_1_37' title='bbox 991 571 1209 622; x_wconf 84' lang='lat' dir='ltr'>conspicor.</span> 
     </span>
     <span class='ocr_line' id='line_1_7' title="bbox 185 636 1561 686; baseline -0.001 -11"><span class='ocrx_word' id='word_1_38' title='bbox 185 650 210 675; x_wconf 91' lang='lat' dir='ltr'><strong>o</strong></span> <span class='ocrx_word' id='word_1_39' title='bbox 232 636 454 683; x_wconf 87' lang='lat' dir='ltr'><strong>Pistoclere,</strong></span> <span class='ocrx_word' id='word_1_40' title='bbox 479 638 597 675; x_wconf 89' lang='lat' dir='ltr'><strong>salue.</strong></span> <span class='ocrx_word' id='word_1_41' title='bbox 658 638 716 675; x_wconf 90' lang='lat' dir='ltr'><strong>P1.</strong></span> <span class='ocrx_word' id='word_1_42' title='bbox 749 637 867 683; x_wconf 89' lang='lat' dir='ltr'><strong>salue,</strong></span> <span class='ocrx_word' id='word_1_43' title='bbox 893 637 1092 686; x_wconf 79' lang='lat' dir='ltr'><strong>Chrysale.</strong></span> <span class='ocrx_word' id='word_1_44' title='bbox 1543 651 1561 682; x_wconf 84' lang='lat'>5</span> 
     </span>
     <span class='ocr_line' id='line_1_8' title="bbox 185 701 1157 752; baseline -0.001 -11"><span class='ocrx_word' id='word_1_45' title='bbox 185 703 263 742; x_wconf 87' lang='lat' dir='ltr'><strong>CH.</strong></span> <span class='ocrx_word' id='word_1_46' title='bbox 295 701 510 752; x_wconf 87' lang='lat' dir='ltr'><strong>compendi</strong></span> <span class='ocrx_word' id='word_1_47' title='bbox 531 702 652 740; x_wconf 87' lang='lat' dir='ltr'><strong>uerba</strong></span> <span class='ocrx_word' id='word_1_48' title='bbox 672 702 796 740; x_wconf 89' lang='lat' dir='ltr'><strong>multa</strong></span> <span class='ocrx_word' id='word_1_49' title='bbox 815 701 892 740; x_wconf 86' lang='lat' dir='ltr'><strong>iam</strong></span> <span class='ocrx_word' id='word_1_50' title='bbox 914 701 1054 740; x_wconf 86' lang='lat' dir='ltr'><strong>faciam</strong></span> <span class='ocrx_word' id='word_1_51' title='bbox 1076 701 1157 740; x_wconf 89' lang='lat' dir='ltr'><strong>tibi.</strong></span> 
     </span>
     <span class='ocr_line' id='line_1_9' title="bbox 98 766 1025 818; baseline 0 -13"><span class='ocrx_word' id='word_1_52' title='bbox 98 771 162 814; x_wconf 86' lang='lat'><strong>185</strong></span> <span class='ocrx_word' id='word_1_53' title='bbox 184 766 318 806; x_wconf 87' lang='lat' dir='ltr'><strong>uenire</strong></span> <span class='ocrx_word' id='word_1_54' title='bbox 340 775 380 805; x_wconf 92' lang='lat' dir='ltr'><strong>tu</strong></span> <span class='ocrx_word' id='word_1_55' title='bbox 403 781 466 806; x_wconf 89' lang='lat' dir='ltr'><strong>me</strong></span> <span class='ocrx_word' id='word_1_56' title='bbox 487 768 660 818; x_wconf 83' lang='lat' dir='ltr'><strong>gaudes:</strong></span> <span class='ocrx_word' id='word_1_57' title='bbox 693 781 766 818; x_wconf 90' lang='lat' dir='ltr'><strong>ego</strong></span> <span class='ocrx_word' id='word_1_58' title='bbox 787 768 906 806; x_wconf 91' lang='lat' dir='ltr'><strong>credo</strong></span> <span class='ocrx_word' id='word_1_59' title='bbox 927 766 997 805; x_wconf 89' lang='lat' dir='ltr'><strong>tibi</strong></span> <span class='ocrx_word' id='word_1_60' title='bbox 1015 782 1025 815; x_wconf 73' lang='lat'>3</span> 
     </span>
     <span class='ocr_line' id='line_1_10' title="bbox 184 825 1113 883; baseline 0 -12"><span class='ocrx_word' id='word_1_61' title='bbox 184 832 399 882; x_wconf 89' lang='lat' dir='ltr'><strong>hospitium</strong></span> <span class='ocrx_word' id='word_1_62' title='bbox 421 840 459 871; x_wconf 90' lang='lat' dir='ltr'><strong>et</strong></span> <span class='ocrx_word' id='word_1_63' title='bbox 480 846 620 871; x_wconf 89' lang='lat' dir='ltr'><strong>cenam</strong></span> <span class='ocrx_word' id='word_1_64' title='bbox 641 825 848 883; x_wconf 47' lang='lat' dir='ltr'><strong>pollicere}</strong></span> <span class='ocrx_word' id='word_1_65' title='bbox 861 840 903 871; x_wconf 91' lang='lat' dir='ltr'><strong>ut</strong></span> <span class='ocrx_word' id='word_1_66' title='bbox 924 832 1113 871; x_wconf 89' lang='lat' dir='ltr'><strong>conuenit</strong></span> 
     </span>
     <span class='ocr_line' id='line_1_11' title="bbox 183 896 1273 948; baseline 0.001 -13"><span class='ocrx_word' id='word_1_67' title='bbox 183 910 342 948; x_wconf 88' lang='lat' dir='ltr'><strong>peregre</strong></span> <span class='ocrx_word' id='word_1_68' title='bbox 363 896 592 936; x_wconf 90' lang='lat' dir='ltr'><strong>aduenienti</strong></span> <span class='ocrx_word' id='word_1_69' title='bbox 612 912 619 936; x_wconf 91' lang='lat'>:</span> <span class='ocrx_word' id='word_1_70' title='bbox 649 911 722 948; x_wconf 87' lang='lat' dir='ltr'><strong>ego</strong></span> <span class='ocrx_word' id='word_1_71' title='bbox 742 905 874 936; x_wconf 88' lang='lat' dir='ltr'><strong>autem</strong></span> <span class='ocrx_word' id='word_1_72' title='bbox 896 905 1105 936; x_wconf 87' lang='lat' dir='ltr'><strong>uenturum</strong></span> <span class='ocrx_word' id='word_1_73' title='bbox 1127 899 1273 937; x_wconf 82' lang='lat' dir='ltr'><strong>adnuo.</strong></span> 
     </span>
     <span class='ocr_line' id='line_1_12' title="bbox 183 962 1585 1003; baseline 0.001 -2"><span class='ocrx_word' id='word_1_74' title='bbox 183 964 349 1002; x_wconf 89' lang='lat' dir='ltr'><strong>salutem</strong></span> <span class='ocrx_word' id='word_1_75' title='bbox 371 962 441 1002; x_wconf 91' lang='lat' dir='ltr'><strong>tibi</strong></span> <span class='ocrx_word' id='word_1_76' title='bbox 461 963 511 1001; x_wconf 90' lang='lat' dir='ltr'><strong>ab</strong></span> <span class='ocrx_word' id='word_1_77' title='bbox 533 962 659 1001; x_wconf 87' lang='lat' dir='ltr'><strong>sodali</strong></span> <span class='ocrx_word' id='word_1_78' title='bbox 680 962 847 1001; x_wconf 89' lang='lat' dir='ltr'><strong>solidam</strong></span> <span class='ocrx_word' id='word_1_79' title='bbox 868 962 1009 1001; x_wconf 87' lang='lat' dir='ltr'><strong>nuntio</strong></span> <span class='ocrx_word' id='word_1_80' title='bbox 1029 978 1036 1001; x_wconf 75' lang='grc' dir='ltr'>ε</span> <span class='ocrx_word' id='word_1_81' title='bbox 1065 967 1070 971; x_wconf 83' lang='grc'>’</span> <span class='ocrx_word' id='word_1_82' title='bbox 1546 979 1585 1003; x_wconf 87' lang='lat'><strong>10</strong></span> 
     </span>
     <span class='ocr_line' id='line_1_13' title="bbox 183 1027 1320 1079; baseline 0 -12"><span class='ocrx_word' id='word_1_83' title='bbox 183 1028 338 1079; x_wconf 84' lang='lat' dir='ltr'><strong>rogabis</strong></span> <span class='ocrx_word' id='word_1_84' title='bbox 360 1042 422 1066; x_wconf 93' lang='lat' dir='ltr'><strong>me</strong></span> <span class='ocrx_word' id='word_1_85' title='bbox 443 1027 511 1066; x_wconf 88' lang='lat' dir='ltr'><strong>ubi</strong></span> <span class='ocrx_word' id='word_1_86' title='bbox 532 1027 604 1067; x_wconf 91' lang='lat' dir='ltr'><strong>sit:</strong></span> <span class='ocrx_word' id='word_1_87' title='bbox 635 1027 744 1066; x_wconf 91' lang='lat' dir='ltr'><strong>uiuit.</strong></span> <span class='ocrx_word' id='word_1_88' title='bbox 804 1029 862 1065; x_wconf 93' lang='lat' dir='ltr'><strong>P1.</strong></span> <span class='ocrx_word' id='word_1_89' title='bbox 897 1029 1040 1078; x_wconf 90' lang='lat' dir='ltr'><strong>Nemp’</strong></span> <span class='ocrx_word' id='word_1_90' title='bbox 1061 1035 1165 1067; x_wconf 83' lang='lat' dir='ltr'><strong>recte</strong></span> <span class='ocrx_word' id='word_1_91' title='bbox 1186 1030 1320 1067; x_wconf 85' lang='lat' dir='ltr'><strong>ualet?</strong></span> 
     </span>
     <span class='ocr_line' id='line_1_14' title="bbox 99 1092 1113 1143; baseline -0.001 -12"><span class='ocrx_word' id='word_1_92' title='bbox 99 1102 165 1136; x_wconf 87' lang='lat'><strong>190</strong></span> <span class='ocrx_word' id='word_1_93' title='bbox 184 1094 260 1132; x_wconf 85' lang='lat' dir='ltr'><strong>CH.</strong></span> <span class='ocrx_word' id='word_1_94' title='bbox 294 1092 394 1131; x_wconf 90' lang='lat' dir='ltr'><strong>istuc</strong></span> <span class='ocrx_word' id='word_1_95' title='bbox 415 1093 599 1131; x_wconf 89' lang='lat' dir='ltr'><strong>uolebam</strong></span> <span class='ocrx_word' id='word_1_96' title='bbox 621 1106 694 1142; x_wconf 89' lang='lat' dir='ltr'><strong>ego</strong></span> <span class='ocrx_word' id='word_1_97' title='bbox 716 1106 762 1131; x_wconf 86' lang='lat' dir='ltr'><strong>ex</strong></span> <span class='ocrx_word' id='word_1_98' title='bbox 782 1099 820 1131; x_wconf 90' lang='lat' dir='ltr'><strong>te</strong></span> <span class='ocrx_word' id='word_1_99' title='bbox 840 1092 1113 1143; x_wconf 82' lang='lat' dir='ltr'><strong>percontarier.</strong></span> 
     </span>
     <span class='ocr_line' id='line_1_15' title="bbox 184 1158 1518 1209; baseline 0.001 -13"><span class='ocrx_word' id='word_1_100' title='bbox 184 1160 242 1196; x_wconf 83' lang='grc' dir='ltr'><strong>ΡΙ.</strong></span> <span class='ocrx_word' id='word_1_101' title='bbox 284 1158 351 1209; x_wconf 93' lang='lat' dir='ltr'><strong>qui</strong></span> <span class='ocrx_word' id='word_1_102' title='bbox 382 1158 479 1197; x_wconf 90' lang='lat' dir='ltr'><strong>scire</strong></span> <span class='ocrx_word' id='word_1_103' title='bbox 509 1172 672 1208; x_wconf 90' lang='lat' dir='ltr'><strong>possum</strong></span> <span class='ocrx_word' id='word_1_104' title='bbox 690 1160 705 1197; x_wconf 91' lang='lat'>?</span> <span class='ocrx_word' id='word_1_105' title='bbox 763 1159 841 1198; x_wconf 87' lang='lat' dir='ltr'><strong>CH.</strong></span> <span class='ocrx_word' id='word_1_106' title='bbox 883 1159 1014 1197; x_wconf 89' lang='lat' dir='ltr'><strong>nullus</strong></span> <span class='ocrx_word' id='word_1_107' title='bbox 1044 1160 1142 1209; x_wconf 92' lang='lat' dir='ltr'><strong>plus.</strong></span> <span class='ocrx_word' id='word_1_108' title='bbox 1205 1161 1262 1197; x_wconf 91' lang='lat' dir='ltr'><strong>P1.</strong></span> <span class='ocrx_word' id='word_1_109' title='bbox 1306 1173 1518 1209; x_wconf 84' lang='lat' dir='ltr'><strong>quemnam</strong></span> 
     </span>
     <span class='ocr_line' id='line_1_16' title="bbox 1251 1226 1521 1264; baseline 0.004 -1"><span class='ocrx_word' id='word_1_110' title='bbox 1251 1226 1302 1263; x_wconf 88' lang='lat' dir='ltr'><strong>ad</strong></span> <span class='ocrx_word' id='word_1_111' title='bbox 1324 1226 1487 1263; x_wconf 88' lang='lat' dir='ltr'><strong>modum</strong></span> <span class='ocrx_word' id='word_1_112' title='bbox 1504 1227 1521 1264; x_wconf 71' lang='lat' dir='ltr'>P</span> 
     </span>
     <span class='ocr_line' id='line_1_17' title="bbox 184 1288 1427 1339; baseline 0.001 -12"><span class='ocrx_word' id='word_1_113' title='bbox 184 1290 261 1328; x_wconf 86' lang='lat' dir='ltr'><strong>CH.</strong></span> <span class='ocrx_word' id='word_1_114' title='bbox 294 1288 387 1339; x_wconf 89' lang='lat' dir='ltr'><strong>quia</strong></span> <span class='ocrx_word' id='word_1_115' title='bbox 407 1288 437 1327; x_wconf 88' lang='lat' dir='ltr'><strong>si</strong></span> <span class='ocrx_word' id='word_1_116' title='bbox 459 1288 525 1327; x_wconf 88' lang='lat' dir='ltr'><strong>illa</strong></span> <span class='ocrx_word' id='word_1_117' title='bbox 546 1288 708 1327; x_wconf 88' lang='lat' dir='ltr'><strong>inuenta</strong></span> <span class='ocrx_word' id='word_1_118' title='bbox 729 1296 787 1327; x_wconf 84' lang='lat' dir='ltr'><strong>est</strong></span> <span class='ocrx_word' id='word_1_119' title='bbox 807 1302 926 1339; x_wconf 85' lang='lat' dir='ltr'><strong>quam</strong></span> <span class='ocrx_word' id='word_1_120' title='bbox 949 1288 1012 1327; x_wconf 86' lang='lat' dir='ltr'><strong>ille</strong></span> <span class='ocrx_word' id='word_1_121' title='bbox 1032 1298 1148 1335; x_wconf 87' lang='lat' dir='ltr'><strong>amat,</strong></span> <span class='ocrx_word' id='word_1_122' title='bbox 1173 1298 1276 1328; x_wconf 82' lang='lat' dir='ltr'><strong>recte</strong></span> <span class='ocrx_word' id='word_1_123' title='bbox 1298 1291 1427 1339; x_wconf 79' lang='lat' dir='ltr'><strong>ualet3</strong></span> 
     </span>
     <span class='ocr_line' id='line_1_18' title="bbox 183 1354 1582 1405; baseline 0.001 -13"><span class='ocrx_word' id='word_1_124' title='bbox 183 1354 214 1392; x_wconf 91' lang='lat' dir='ltr'><strong>si</strong></span> <span class='ocrx_word' id='word_1_125' title='bbox 235 1368 315 1392; x_wconf 91' lang='lat' dir='ltr'><strong>non</strong></span> <span class='ocrx_word' id='word_1_126' title='bbox 337 1354 499 1393; x_wconf 88' lang='lat' dir='ltr'><strong>inuenta</strong></span> <span class='ocrx_word' id='word_1_127' title='bbox 519 1362 589 1401; x_wconf 87' lang='lat' dir='ltr'><strong>est,</strong></span> <span class='ocrx_word' id='word_1_128' title='bbox 613 1354 733 1393; x_wconf 88' lang='lat' dir='ltr'><strong>minu&#39;</strong></span> <span class='ocrx_word' id='word_1_129' title='bbox 758 1356 862 1392; x_wconf 86' lang='lat' dir='ltr'><strong>ualet</strong></span> <span class='ocrx_word' id='word_1_130' title='bbox 884 1354 1215 1405; x_wconf 84' lang='lat' dir='ltr'><strong>moribundu’que</strong></span> <span class='ocrx_word' id='word_1_131' title='bbox 1236 1362 1306 1394; x_wconf 88' lang='lat' dir='ltr'><strong>est.</strong></span> <span class='ocrx_word' id='word_1_132' title='bbox 1545 1368 1582 1400; x_wconf 91' lang='lat'><strong>15</strong></span> 
     </span>
     <span class='ocr_line' id='line_1_19' title="bbox 181 1419 1155 1468; baseline 0.002 -11"><span class='ocrx_word' id='word_1_133' title='bbox 181 1419 350 1458; x_wconf 85' lang='lat' dir='ltr'><strong>animast</strong></span> <span class='ocrx_word' id='word_1_134' title='bbox 369 1419 497 1458; x_wconf 87' lang='lat' dir='ltr'><strong>amica</strong></span> <span class='ocrx_word' id='word_1_135' title='bbox 516 1419 665 1458; x_wconf 87' lang='lat' dir='ltr'><strong>amanti</strong></span> <span class='ocrx_word' id='word_1_136' title='bbox 686 1435 692 1458; x_wconf 93' lang='lat'>:</span> <span class='ocrx_word' id='word_1_137' title='bbox 723 1421 755 1458; x_wconf 81' lang='lat' dir='ltr'><strong>si</strong></span> <span class='ocrx_word' id='word_1_138' title='bbox 775 1420 897 1467; x_wconf 88' lang='lat' dir='ltr'><strong>abest,</strong></span> <span class='ocrx_word' id='word_1_139' title='bbox 920 1421 1051 1458; x_wconf 91' lang='lat' dir='ltr'><strong>nullus</strong></span> <span class='ocrx_word' id='word_1_140' title='bbox 1072 1428 1155 1468; x_wconf 68' lang='lat' dir='ltr'><strong>estg</strong></span> 
     </span>
     <span class='ocr_line' id='line_1_20' title="bbox 98 1484 1286 1536; baseline 0.002 -13"><span class='ocrx_word' id='word_1_141' title='bbox 98 1497 159 1534; x_wconf 84' lang='lat'><strong>195</strong></span> <span class='ocrx_word' id='word_1_142' title='bbox 181 1484 212 1523; x_wconf 90' lang='lat' dir='ltr'><strong>si</strong></span> <span class='ocrx_word' id='word_1_143' title='bbox 232 1486 356 1532; x_wconf 86' lang='lat' dir='ltr'><strong>adest,</strong></span> <span class='ocrx_word' id='word_1_144' title='bbox 379 1499 438 1523; x_wconf 91' lang='lat' dir='ltr'><strong>res</strong></span> <span class='ocrx_word' id='word_1_145' title='bbox 460 1486 604 1523; x_wconf 83' lang='lat' dir='ltr'><strong>nullast</strong></span> <span class='ocrx_word' id='word_1_146' title='bbox 624 1501 630 1524; x_wconf 90' lang='lat'>:</span> <span class='ocrx_word' id='word_1_147' title='bbox 663 1484 771 1536; x_wconf 89' lang='lat' dir='ltr'><strong>ipsus</strong></span> <span class='ocrx_word' id='word_1_148' title='bbox 792 1493 1078 1536; x_wconf 89' lang='lat' dir='ltr'><strong>est—nequam</strong></span> <span class='ocrx_word' id='word_1_149' title='bbox 1100 1494 1138 1524; x_wconf 87' lang='lat' dir='ltr'><strong>et</strong></span> <span class='ocrx_word' id='word_1_150' title='bbox 1160 1485 1286 1525; x_wconf 88' lang='lat' dir='ltr'><strong>miser.</strong></span> 
     </span>
     <span class='ocr_line' id='line_1_21' title="bbox 181 1550 1016 1602; baseline 0 -13"><span class='ocrx_word' id='word_1_151' title='bbox 181 1552 250 1589; x_wconf 92' lang='lat' dir='ltr'><strong>sed</strong></span> <span class='ocrx_word' id='word_1_152' title='bbox 272 1559 313 1589; x_wconf 92' lang='lat' dir='ltr'><strong>tu</strong></span> <span class='ocrx_word' id='word_1_153' title='bbox 329 1550 425 1601; x_wconf 91' lang='lat' dir='ltr'><strong>quid</strong></span> <span class='ocrx_word' id='word_1_154' title='bbox 447 1550 631 1589; x_wconf 84' lang='lat' dir='ltr'><strong>factitasti</strong></span> <span class='ocrx_word' id='word_1_155' title='bbox 653 1550 850 1589; x_wconf 87' lang='lat' dir='ltr'><strong>mandatis</strong></span> <span class='ocrx_word' id='word_1_156' title='bbox 871 1553 1016 1602; x_wconf 87' lang='lat' dir='ltr'><strong>super?</strong></span> 
     </span>
     <span class='ocr_line' id='line_1_22' title="bbox 181 1615 1167 1666; baseline 0.002 -13"><span class='ocrx_word' id='word_1_157' title='bbox 181 1617 240 1653; x_wconf 93' lang='lat' dir='ltr'><strong>P1.</strong></span> <span class='ocrx_word' id='word_1_158' title='bbox 273 1629 374 1666; x_wconf 87' lang='lat' dir='ltr'><strong>egon</strong></span> <span class='ocrx_word' id='word_1_159' title='bbox 395 1623 448 1663; x_wconf 89' lang='lat' dir='ltr'><strong>ut,</strong></span> <span class='ocrx_word' id='word_1_160' title='bbox 471 1617 581 1666; x_wconf 90' lang='lat' dir='ltr'><strong>quod</strong></span> <span class='ocrx_word' id='word_1_161' title='bbox 601 1616 652 1655; x_wconf 90' lang='lat' dir='ltr'><strong>ab</strong></span> <span class='ocrx_word' id='word_1_162' title='bbox 674 1615 764 1654; x_wconf 91' lang='lat' dir='ltr'><strong>illoc</strong></span> <span class='ocrx_word' id='word_1_163' title='bbox 784 1615 974 1666; x_wconf 86' lang='lat' dir='ltr'><strong>attigisset</strong></span> <span class='ocrx_word' id='word_1_164' title='bbox 994 1616 1167 1664; x_wconf 90' lang='lat' dir='ltr'><strong>nuntius,</strong></span> 
     </span>
     <span class='ocr_line' id='line_1_23' title="bbox 181 1680 1581 1732; baseline -0.001 -13"><span class='ocrx_word' id='word_1_165' title='bbox 181 1694 261 1719; x_wconf 91' lang='lat' dir='ltr'><strong>non</strong></span> <span class='ocrx_word' id='word_1_166' title='bbox 283 1680 535 1732; x_wconf 88' lang='lat' dir='ltr'><strong>impetratum</strong></span> <span class='ocrx_word' id='word_1_167' title='bbox 556 1681 596 1720; x_wconf 91' lang='lat' dir='ltr'><strong>id</strong></span> <span class='ocrx_word' id='word_1_168' title='bbox 618 1681 847 1720; x_wconf 88' lang='lat' dir='ltr'><strong>aduenienti</strong></span> <span class='ocrx_word' id='word_1_169' title='bbox 869 1681 903 1720; x_wconf 89' lang='lat' dir='ltr'><strong>ei</strong></span> <span class='ocrx_word' id='word_1_170' title='bbox 925 1683 1164 1721; x_wconf 83' lang='lat' dir='ltr'><strong>redderem?</strong></span> <span class='ocrx_word' id='word_1_171' title='bbox 1540 1696 1581 1718; x_wconf 85' lang='lat'><strong>20</strong></span> 
     </span>
     <span class='ocr_line' id='line_1_24' title="bbox 180 1746 1083 1796; baseline 0.001 -11"><span class='ocrx_word' id='word_1_172' title='bbox 180 1746 358 1796; x_wconf 89' lang='lat' dir='ltr'><strong>regiones</strong></span> <span class='ocrx_word' id='word_1_173' title='bbox 379 1749 508 1786; x_wconf 91' lang='lat' dir='ltr'><strong>colere</strong></span> <span class='ocrx_word' id='word_1_174' title='bbox 530 1748 740 1786; x_wconf 90' lang='lat' dir='ltr'><strong>mauellem</strong></span> <span class='ocrx_word' id='word_1_175' title='bbox 762 1747 1083 1786; x_wconf 88' lang='lat' dir='ltr'><strong>Accherunticas.</strong></span> 
     </span>
     <span class='ocr_line' id='line_1_25' title="bbox 94 1812 1470 1865; baseline 0.004 -17"><span class='ocrx_word' id='word_1_176' title='bbox 94 1823 162 1848; x_wconf 91' lang='lat'><strong>200</strong></span> <span class='ocrx_word' id='word_1_177' title='bbox 180 1813 258 1852; x_wconf 83' lang='lat' dir='ltr'><strong>CH.</strong></span> <span class='ocrx_word' id='word_1_178' title='bbox 291 1814 381 1861; x_wconf 86' lang='lat' dir='ltr'><strong>eho,</strong></span> <span class='ocrx_word' id='word_1_179' title='bbox 401 1827 452 1851; x_wconf 86' lang='lat' dir='ltr'><strong>an</strong></span> <span class='ocrx_word' id='word_1_180' title='bbox 473 1813 659 1852; x_wconf 88' lang='lat' dir='ltr'><strong>inuenisti</strong></span> <span class='ocrx_word' id='word_1_181' title='bbox 681 1812 954 1853; x_wconf 88' lang='lat' dir='ltr'><strong>Bacchidem?</strong></span> <span class='ocrx_word' id='word_1_182' title='bbox 1012 1815 1069 1852; x_wconf 83' lang='grc' dir='ltr'><strong>ΡΙ.</strong></span> <span class='ocrx_word' id='word_1_183' title='bbox 1103 1814 1275 1853; x_wconf 88' lang='lat' dir='ltr'><strong>Samiam</strong></span> <span class='ocrx_word' id='word_1_184' title='bbox 1296 1814 1470 1865; x_wconf 90' lang='lat' dir='ltr'><strong>quidem.</strong></span> 
     </span>
     <span class='ocr_line' id='line_1_26' title="bbox 180 1878 1273 1930; baseline 0.001 -12"><span class='ocrx_word' id='word_1_185' title='bbox 180 1879 257 1918; x_wconf 84' lang='lat' dir='ltr'><strong>CH.</strong></span> <span class='ocrx_word' id='word_1_186' title='bbox 290 1878 382 1917; x_wconf 90' lang='lat' dir='ltr'><strong>uide</strong></span> <span class='ocrx_word' id='word_1_187' title='bbox 404 1892 551 1929; x_wconf 84' lang='lat' dir='ltr'><strong>quaeso</strong></span> <span class='ocrx_word' id='word_1_188' title='bbox 572 1892 622 1917; x_wconf 91' lang='lat' dir='ltr'><strong>ne</strong></span> <span class='ocrx_word' id='word_1_189' title='bbox 643 1878 730 1929; x_wconf 89' lang='lat' dir='ltr'><strong>quis</strong></span> <span class='ocrx_word' id='word_1_190' title='bbox 751 1886 890 1918; x_wconf 89' lang='lat' dir='ltr'><strong>tractet</strong></span> <span class='ocrx_word' id='word_1_191' title='bbox 910 1878 1015 1917; x_wconf 91' lang='lat' dir='ltr'><strong>illam</strong></span> <span class='ocrx_word' id='word_1_192' title='bbox 1038 1879 1247 1930; x_wconf 81' lang='lat' dir='ltr'><strong>indiligens</strong></span> <span class='ocrx_word' id='word_1_193' title='bbox 1263 1895 1273 1929; x_wconf 79' lang='lat'><em>3</em></span> 
     </span>
     <span class='ocr_line' id='line_1_27' title="bbox 178 1943 1110 1994; baseline 0.001 -12"><span class='ocrx_word' id='word_1_194' title='bbox 178 1943 253 1982; x_wconf 92' lang='lat' dir='ltr'><strong>scis</strong></span> <span class='ocrx_word' id='word_1_195' title='bbox 275 1951 315 1982; x_wconf 89' lang='lat' dir='ltr'><strong>tu</strong></span> <span class='ocrx_word' id='word_1_196' title='bbox 337 1951 379 1982; x_wconf 87' lang='lat' dir='ltr'><strong>ut</strong></span> <span class='ocrx_word' id='word_1_197' title='bbox 399 1943 591 1994; x_wconf 88' lang='lat' dir='ltr'><strong>confringi</strong></span> <span class='ocrx_word' id='word_1_198' title='bbox 612 1958 681 1983; x_wconf 88' lang='lat' dir='ltr'><strong>uas</strong></span> <span class='ocrx_word' id='word_1_199' title='bbox 702 1944 781 1984; x_wconf 90' lang='lat' dir='ltr'><strong>cito</strong></span> <span class='ocrx_word' id='word_1_200' title='bbox 802 1944 978 1984; x_wconf 89' lang='lat' dir='ltr'><strong>Samium</strong></span> <span class='ocrx_word' id='word_1_201' title='bbox 1000 1946 1110 1983; x_wconf 92' lang='lat' dir='ltr'><strong>solet.</strong></span> 
     </span>
     <span class='ocr_line' id='line_1_28' title="bbox 180 2008 1578 2062; baseline 0.004 -16"><span class='ocrx_word' id='word_1_202' title='bbox 180 2010 238 2046; x_wconf 90' lang='lat' dir='ltr'><strong>P1.</strong></span> <span class='ocrx_word' id='word_1_203' title='bbox 271 2008 401 2049; x_wconf 89' lang='lat' dir='ltr'><strong>iamne</strong></span> <span class='ocrx_word' id='word_1_204' title='bbox 422 2018 465 2048; x_wconf 88' lang='lat' dir='ltr'><strong>ut</strong></span> <span class='ocrx_word' id='word_1_205' title='bbox 486 2011 618 2049; x_wconf 91' lang='lat' dir='ltr'><strong>soles?</strong></span> <span class='ocrx_word' id='word_1_206' title='bbox 676 2011 754 2051; x_wconf 84' lang='lat' dir='ltr'><strong>CH.</strong></span> <span class='ocrx_word' id='word_1_207' title='bbox 787 2010 852 2050; x_wconf 92' lang='lat' dir='ltr'><strong>dic</strong></span> <span class='ocrx_word' id='word_1_208' title='bbox 873 2010 941 2050; x_wconf 90' lang='lat' dir='ltr'><strong>ubi</strong></span> <span class='ocrx_word' id='word_1_209' title='bbox 962 2025 1008 2050; x_wconf 90' lang='lat' dir='ltr'><strong>ea</strong></span> <span class='ocrx_word' id='word_1_210' title='bbox 1029 2025 1135 2050; x_wconf 90' lang='lat' dir='ltr'><strong>nunc</strong></span> <span class='ocrx_word' id='word_1_211' title='bbox 1156 2019 1224 2058; x_wconf 93' lang='lat' dir='ltr'><strong>est,</strong></span> <span class='ocrx_word' id='word_1_212' title='bbox 1248 2025 1424 2062; x_wconf 86' lang='lat' dir='ltr'><strong>opsecro.</strong></span> <span class='ocrx_word' id='word_1_213' title='bbox 1539 2029 1578 2061; x_wconf 83' lang='lat'><strong>²5</strong></span> 
     </span>
     <span class='ocr_line' id='line_1_29' title="bbox 180 2074 1156 2128; baseline 0.004 -16"><span class='ocrx_word' id='word_1_214' title='bbox 180 2076 238 2112; x_wconf 90' lang='lat' dir='ltr'><strong>P1.</strong></span> <span class='ocrx_word' id='word_1_215' title='bbox 271 2074 345 2122; x_wconf 89' lang='lat' dir='ltr'><strong>hic,</strong></span> <span class='ocrx_word' id='word_1_216' title='bbox 369 2083 579 2114; x_wconf 86' lang='lat' dir='ltr'><strong>exeuntem</strong></span> <span class='ocrx_word' id='word_1_217' title='bbox 601 2089 665 2114; x_wconf 89' lang='lat' dir='ltr'><strong>me</strong></span> <span class='ocrx_word' id='word_1_218' title='bbox 687 2077 794 2116; x_wconf 92' lang='lat' dir='ltr'><strong>unde</strong></span> <span class='ocrx_word' id='word_1_219' title='bbox 815 2077 999 2128; x_wconf 83' lang='lat' dir='ltr'><strong>aspexisti</strong></span> <span class='ocrx_word' id='word_1_220' title='bbox 1022 2079 1156 2116; x_wconf 90' lang='lat' dir='ltr'><strong>modo.</strong></span> 
     </span>
     <span class='ocr_line' id='line_1_30' title="bbox 93 2140 1193 2193; baseline 0.002 -13"><span class='ocrx_word' id='word_1_221' title='bbox 93 2149 157 2186; x_wconf 87' lang='lat'><strong>205</strong></span> <span class='ocrx_word' id='word_1_222' title='bbox 180 2141 257 2180; x_wconf 83' lang='lat' dir='ltr'><strong>CH.</strong></span> <span class='ocrx_word' id='word_1_223' title='bbox 291 2149 332 2179; x_wconf 92' lang='lat' dir='ltr'><strong>ut</strong></span> <span class='ocrx_word' id='word_1_224' title='bbox 353 2140 453 2180; x_wconf 77' lang='lat' dir='ltr'><strong>istuc</strong></span> <span class='ocrx_word' id='word_1_225' title='bbox 474 2148 532 2180; x_wconf 91' lang='lat' dir='ltr'><strong>est</strong></span> <span class='ocrx_word' id='word_1_226' title='bbox 554 2141 731 2192; x_wconf 89' lang='lat' dir='ltr'><strong>lepidum</strong></span> <span class='ocrx_word' id='word_1_227' title='bbox 751 2145 758 2180; x_wconf 91' lang='lat'>!</span> <span class='ocrx_word' id='word_1_228' title='bbox 788 2156 1004 2193; x_wconf 87' lang='lat' dir='ltr'><strong>proxumae</strong></span> <span class='ocrx_word' id='word_1_229' title='bbox 1024 2142 1193 2182; x_wconf 89' lang='lat' dir='ltr'><strong>uiciniae</strong></span> 
     </span>
     <span class='ocr_line' id='line_1_31' title="bbox 179 2205 1426 2258; baseline 0.003 -15"><span class='ocrx_word' id='word_1_230' title='bbox 179 2205 339 2244; x_wconf 87' lang='lat' dir='ltr'><strong>habitat.</strong></span> <span class='ocrx_word' id='word_1_231' title='bbox 399 2206 639 2257; x_wconf 87' lang='lat' dir='ltr'><strong>ecquidnam</strong></span> <span class='ocrx_word' id='word_1_232' title='bbox 661 2207 840 2246; x_wconf 89' lang='lat' dir='ltr'><strong>meminit</strong></span> <span class='ocrx_word' id='word_1_233' title='bbox 864 2209 1133 2248; x_wconf 89' lang='lat' dir='ltr'><strong>Mnesilochi?</strong></span> <span class='ocrx_word' id='word_1_234' title='bbox 1193 2211 1249 2246; x_wconf 89' lang='lat' dir='ltr'><strong>P1.</strong></span> <span class='ocrx_word' id='word_1_235' title='bbox 1282 2210 1426 2258; x_wconf 89' lang='lat' dir='ltr'><strong>rogas?</strong></span> 
     </span>
     <span class='ocr_line' id='line_1_32' title="bbox 178 2270 1271 2324; baseline 0.002 -15"><span class='ocrx_word' id='word_1_236' title='bbox 178 2270 301 2309; x_wconf 89' lang='lat' dir='ltr'><strong>immo</strong></span> <span class='ocrx_word' id='word_1_237' title='bbox 322 2271 438 2310; x_wconf 89' lang='lat' dir='ltr'><strong>unice</strong></span> <span class='ocrx_word' id='word_1_238' title='bbox 459 2285 582 2310; x_wconf 90' lang='lat' dir='ltr'><strong>unum</strong></span> <span class='ocrx_word' id='word_1_239' title='bbox 605 2272 775 2321; x_wconf 89' lang='lat' dir='ltr'><strong>plurumi</strong></span> <span class='ocrx_word' id='word_1_240' title='bbox 797 2274 946 2323; x_wconf 89' lang='lat' dir='ltr'><strong>pendit.</strong></span> <span class='ocrx_word' id='word_1_241' title='bbox 1007 2276 1085 2314; x_wconf 80' lang='lat' dir='ltr'><strong>CH.</strong></span> <span class='ocrx_word' id='word_1_242' title='bbox 1119 2288 1244 2324; x_wconf 87' lang='lat' dir='ltr'><strong>papae</strong></span> <span class='ocrx_word' id='word_1_243' title='bbox 1265 2277 1271 2311; x_wconf 87' lang='lat'>!</span> 
     </span>
    </p>
   </div>
   <div class='ocr_carea' id='block_1_4' title="bbox 177 2374 1515 2460">
    <p class='ocr_par' dir='ltr' id='par_1_4' title="bbox 177 2374 1515 2460">
     <span class='ocr_line' id='line_1_33' title="bbox 226 2374 1515 2417; baseline 0.003 -14"><span class='ocrx_word' id='word_1_244' title='bbox 226 2384 286 2412; x_wconf 87' lang='lat'><strong>192</strong></span> <span class='ocrx_word' id='word_1_245' title='bbox 310 2379 400 2405; x_wconf 64' lang='lat' dir='ltr'><strong>recte</strong></span> <span class='ocrx_word' id='word_1_246' title='bbox 413 2375 504 2405; x_wconf 86' lang='lat' dir='ltr'><strong>ualet</strong></span> <span class='ocrx_word' id='word_1_247' title='bbox 516 2374 618 2405; x_wconf 79' lang='lat' dir='ltr'><strong>Bothe</strong></span> <span class='ocrx_word' id='word_1_248' title='bbox 635 2386 641 2405; x_wconf 90' lang='lat'><strong>:</strong></span> <span class='ocrx_word' id='word_1_249' title='bbox 667 2374 786 2416; x_wconf 86' lang='lat' dir='ltr'><strong>[uiuit]</strong></span> <span class='ocrx_word' id='word_1_250' title='bbox 801 2381 893 2407; x_wconf 88' lang='lat' dir='ltr'><strong>recte</strong></span> <span class='ocrx_word' id='word_1_251' title='bbox 907 2377 972 2417; x_wconf 63' lang='lat' dir='ltr'><strong>set]</strong></span> <span class='ocrx_word' id='word_1_252' title='bbox 988 2377 1077 2408; x_wconf 83' lang='lat' dir='ltr'><strong>ualet</strong></span> <span class='ocrx_word' id='word_1_253' title='bbox 1091 2377 1156 2408; x_wconf 75' lang='lat' dir='ltr'><strong>cod.</strong></span> <span class='ocrx_word' id='word_1_254' title='bbox 1178 2378 1234 2411; x_wconf 79' lang='lat' dir='ltr'><strong>(iv.</strong></span> <span class='ocrx_word' id='word_1_255' title='bbox 1253 2378 1283 2415; x_wconf 74' lang='grc' dir='ltr'><strong>Ι)</strong></span> <span class='ocrx_word' id='word_1_256' title='bbox 1301 2389 1308 2408; x_wconf 90' lang='lat'><strong>:</strong></span> <span class='ocrx_word' id='word_1_257' title='bbox 1332 2377 1413 2408; x_wconf 83' lang='lat' dir='ltr'><strong>uiuit</strong></span> <span class='ocrx_word' id='word_1_258' title='bbox 1426 2377 1515 2408; x_wconf 85' lang='lat' dir='ltr'><strong>ualet</strong></span> 
     </span>
     <span class='ocr_line' id='line_1_34' title="bbox 177 2416 1460 2460; baseline 0.003 -13"><span class='ocrx_word' id='word_1_259' title='bbox 177 2416 304 2448; x_wconf 71' lang='lat' dir='ltr'><strong>Rz&#39;tschl</strong></span> <span class='ocrx_word' id='word_1_260' title='bbox 320 2421 406 2458; x_wconf 71' lang='lat' dir='ltr'><strong>(var.</strong></span> <span class='ocrx_word' id='word_1_261' title='bbox 426 2418 489 2450; x_wconf 83' lang='lat' dir='ltr'><strong>lect.</strong></span> <span class='ocrx_word' id='word_1_262' title='bbox 509 2419 647 2459; x_wconf 85' lang='lat' dir='ltr'><strong>antiqua</strong></span> <span class='ocrx_word' id='word_1_263' title='bbox 659 2419 684 2459; x_wconf 72' lang='lat'><strong>3)</strong></span> <span class='ocrx_word' id='word_1_264' title='bbox 820 2429 882 2459; x_wconf 86' lang='lat'><strong>207</strong></span> <span class='ocrx_word' id='word_1_265' title='bbox 908 2420 1112 2460; x_wconf 87' lang='lat' dir='ltr'><strong>plurimique</strong></span> <span class='ocrx_word' id='word_1_266' title='bbox 1129 2421 1216 2452; x_wconf 84' lang='lat' dir='ltr'><strong>codd.</strong></span> <span class='ocrx_word' id='word_1_267' title='bbox 1240 2420 1384 2452; x_wconf 76' lang='lat' dir='ltr'><strong>Charisii</strong></span> <span class='ocrx_word' id='word_1_268' title='bbox 1398 2432 1460 2460; x_wconf 80' lang='lat'><strong>223</strong></span> 
     </span>
    </p>
   </div>
   <div class='ocr_carea' id='block_1_5' title="bbox 237 2481 1420 2512">
    <p class='ocr_par' dir='ltr' id='par_1_5' title="bbox 237 2481 1420 2512">
     <span class='ocr_line' id='line_1_35' title="bbox 237 2481 1420 2512; baseline 0.003 -4"><span class='ocrx_word' id='word_1_269' title='bbox 237 2486 358 2510; x_wconf 75' lang='lat' dir='ltr'><strong>PLAVT.</strong></span> <span class='ocrx_word' id='word_1_270' title='bbox 378 2488 390 2510; x_wconf 83' lang='grc' dir='ltr'><strong><em>ι</em></strong></span> <span class='ocrx_word' id='word_1_271' title='bbox 1380 2481 1420 2512; x_wconf 84' lang='grc'><strong>10</strong></span> 
     </span>
    </p>
   </div>
  </div>
 </body>
</html>
