1727 2712
104 448 173 484 970

106 902 172 939 975

112 1681 177 1726 985

688 127 1037 166 AMPHITRVO
1437 123 1514 161 111.
1537 122 1583 159 iii

192 240 498 289 Blepharonem,
518 237 574 277 uti
594 252 635 277 re
654 236 791 277 diuina
810 238 913 276 facta
933 249 1091 275 mecum
1113 236 1312 286 prandeat.

191 306 256 343 So.
288 304 366 342 iam
386 303 450 343 hic
480 317 548 343 ero
567 316 690 353 quom
715 302 793 341 illic
813 300 995 341 censebis
1016 314 1102 339 esse
1122 301 1315 339 me.—IV.
1347 306 1524 337 actutum

1331 365 1408 402 huc
1429 361 1521 401 redi.

192 437 266 474 AL.
298 434 494 485 numquid
513 434 585 482 uis,
607 433 703 485 quin
722 433 864 472 abeam
884 431 962 471 iam
984 431 1097 478 intro,
1120 438 1162 469 ut
1188 436 1425 480 apparentur
1445 427 1526 478 qui·
1548 439 1585 470 ¹5

1286 495 1361 534 bus
1380 494 1527 544 opust?

194 568 253 605 Iv.
285 566 297 604 i
317 580 423 614 sane,
445 573 484 604 et
504 572 696 616 quantum
717 571 847 615 potest
867 570 1002 614 parata
1021 563 1082 601 fac
1103 561 1180 600 sint
1201 559 1344 599 omnia.

193 633 267 670 AL.
299 631 395 682 quin
425 630 537 670 uenis
564 631 726 682 quando
755 629 814 668 uis
839 629 973 668 intro?
1012 629 1102 667 faxo
1128 628 1206 665 hau
1237 625 1450 677 quicquam
1479 623 1529 664 sit

1330 703 1529 729 morae.—

197 763 255 800 Iv.
287 769 392 801 recte
412 763 573 812 loquere
594 768 631 800 et
652 759 819 811 proinde
839 758 1069 809 diligentem
1091 765 1133 796 ut
1154 769 1314 795 uxorem
1335 756 1460 794 decet.

303 826 380 864 iam
402 826 509 865 hisce
529 826 660 872 ambo,
683 833 721 864 et
742 838 877 863 seruos
897 831 936 862 et
956 837 1031 869 era,
1054 824 1194 860 frustra
1214 828 1305 860 sunt
1324 821 1417 867 duo,

302 891 369 942 qui
391 905 453 930 me
474 890 806 941 Amphitruonem
827 896 960 928 rentur
979 902 1065 927 esse
1082 903 1088 926 :
1117 895 1245 926 errant
1265 886 1399 938 probe.
1549 903 1590 926 20

301 970 408 996 nunc
428 964 481 1003 tu,
503 955 638 995 diuine
658 955 780 1002 Sosia,
804 956 882 993 huc
902 955 963 992 fac
983 953 1125 1001 adsies,

302 1021 432 1073 (audis
453 1035 554 1073 quae
574 1021 677 1068 dico,
700 1029 779 1060 tarn
801 1019 874 1060 etsi
894 1033 1079 1070 praesens
1100 1032 1180 1057 non
1201 1016 1325 1069 ades),

302 1089 387 1126 face
408 1087 486 1126 iam
507 1086 842 1138 Amphitruonem
863 1085 1145 1125 aduenientem
1165 1084 1218 1122 ab
1236 1082 1404 1123 aedibus

304 1161 346 1192 ut
366 1153 500 1203 abigas
515 1168 524 1201 3
553 1152 695 1204 quouis
715 1159 833 1203 pacto
852 1152 914 1190 fac
934 1151 1175 1189 commentu’
1195 1148 1257 1188 sis.

303 1221 397 1258 uolo
417 1218 552 1258 deludi
572 1218 704 1264 illunc,
727 1219 824 1256 dum
845 1230 937 1256 cum
957 1217 1032 1255 hac
1052 1214 1225 1254 usuraria
1551 1229 1591 1263 ²5

303 1297 423 1323 uxore
444 1296 550 1322 nunc
571 1282 624 1321 mi
645 1282 849 1332 morigero.
910 1282 1008 1320 haec
1029 1288 1163 1319 curata
1182 1279 1260 1318 sint

302 1351 363 1388 fac
384 1349 447 1397 sis,
469 1347 636 1399 proinde
656 1349 758 1387 adeo
779 1355 821 1386 ut
842 1348 944 1386 uelle
964 1347 1057 1385 med
1077 1344 1281 1395 intellegis,

301 1422 422 1465 atque
441 1421 484 1453 ut
504 1412 701 1452 ministres
722 1412 787 1459 mi,
810 1411 908 1450 mihi
929 1425 1051 1462 quom
1073 1411 1313 1450 sacruficem.

692 1524 1033 1561 MERCVRIVS
1550 1518 1598 1556 iv

199 1611 282 1648 ME.
315 1607 536 1649 Concedite
555 1615 674 1657 atque
694 1605 898 1656 apscedite
917 1618 1069 1652 omneS‚
1091 1605 1143 1644 de
1162 1603 1226 1643 uia
1246 1603 1440 1651 decedite,

199 1688 272 1713 nec
292 1673 502 1724 quisquam
523 1673 603 1711 tam
623 1669 801 1724 au<i>dax
820 1671 902 1709 fuat
931 1670 1055 1709 homo
1084 1668 1152 1719 qui
1178 1668 1337 1707 obuiam
1369 1667 1533 1718 opsistat

1423 1731 1530 1771 mihi.

198 1819 290 1843 nam
311 1803 408 1842 mihi
429 1803 591 1854 quidem
611 1803 742 1841 hercle
762 1800 830 1851 qui
851 1799 981 1839 minus
1002 1799 1117 1838 liceat
1137 1800 1214 1838 deo
1236 1797 1447 1836 minitarier

198 1871 359 1921 populo,
381 1869 421 1907 ni
441 1869 609 1908 decedat
631 1867 738 1915 mihi,
761 1880 881 1917 quam
903 1866 1059 1905 seruolo
1079 1864 1119 1902 in
1141 1862 1388 1902 comoediis?

198 1935 249 1973 ill’
270 1948 414 1973 nauem
434 1935 584 1973 saluam
605 1932 760 1971 nuntiat
781 1939 847 1970 aut
868 1930 953 1969 irati
974 1931 1193 1969 aduentum
1214 1927 1318 1967 senis
1335 1943 1342 1965 ;
1551 1939 1570 1971 5

241 2040 308 2080 968
331 2039 395 2079 uti]
423 2038 479 2078 qui
510 2036 616 2074 Goetz,
647 2036 761 2068 Loewe
893 2045 955 2075 971
984 2039 1085 2075 potes
1104 2034 1232 2073 (potest
1246 2031 1306 2071 3¹)
1325 2031 1390 2063 cod.
1482 2032 1533 2062 sac

199 2082 358 2121 Pylades:
384 2082 471 2113 facta
487 2081 553 2113 cod.
688 2090 753 2120 973
777 2079 833 2112 dil.
855 2079 998 2120 proinde
1022 2077 1175 2115 Skutsch,
1193 2077 1246 2107 cm'
1263 2076 1406 2116 proinde
1426 2074 1529 2114 dt'syll.

201 2131 276 2158 ante
301 2130 530 2157 consonantem
557 2123 697 2164 displicet
835 2134 901 2163 974
925 2123 958 2153 hi
985 2121 1052 2154 cod.
1197 2121 1264 2160 976
1291 2119 1365 2150 Sos.
1392 2119 1456 2148 huc
1482 2118 1533 2149 sac

202 2171 316 2202 adsies
335 2169 440 2209 Goetz,
461 2169 589 2200 Loewe:
614 2169 678 2199 huc
695 2167 748 2198 sac
764 2167 856 2198 adsis
873 2166 949 2198 Sos.
967 2165 1051 2205 cod.,
1061 2165 1143 2205 fort.
1165 2168 1239 2194 recte
1255 2174 1260 2192 :
1287 2163 1330 2193 mi
1355 2163 1387 2193 h.
1405 2162 1427 2192 f.
1444 2173 1473 2193 a.
1494 2162 1530 2193 S.

202 2213 340 2244 Mueller
355 2212 485 2253 (Rhein.
513 2213 602 2243 Mus.
630 2222 682 2252 54,
708 2213 789 2251 382)
923 2210 988 2249 978
1014 2209 1132 2239 faciam
1154 2208 1221 2249 (sac
1246 2207 1329 2247 iam)
1353 2216 1414 2236 am.
1443 2205 1532 2236 codd.

202 2257 304 2288 Nonii
317 2258 360 2288 88
378 2269 384 2288 :
409 2258 459 2288 sac
476 2267 540 2288 am.
564 2257 646 2298 (om.
677 2256 759 2295 iam)
777 2253 842 2286 cod.
862 2266 868 2285 :
901 2254 951 2284 fac
969 2253 1044 2284 Am.
1063 2253 1127 2282 iam
1142 2250 1331 2282 Lambinus
1469 2258 1536 2288 979

202 2302 302 2332 abeat
319 2300 408 2332 codd.
427 2301 530 2331 Nonii
615 2300 683 2330 sies
700 2298 780 2338 cod„
796 2299 874 2329 item
890 2296 980 2329 codd.
999 2296 1103 2327 Nonii
1246 2295 1314 2333 980
1338 2294 1439 2324 illunc
1457 2293 1534 2322 dum

203 2344 351 2375 Pareus:
378 2345 470 2375 illum
488 2344 588 2375 edum
606 2342 670 2373 cod.
695 2343 798 2383 (epro
809 2343 842 2382 c)
974 2341 1036 2380 981
1055 2339 1145 2369 sient
1162 2337 1229 2369 cod.
1372 2337 1437 2377 983
1454 2336 1535 2366 mihi

203 2397 278 2419 cum
298 2388 530 2419 Camerarius:
554 2397 628 2417 cum
647 2386 727 2416 mihi
745 2385 814 2416 cod.
937 2385 1001 2424 985
1026 2383 1194 2422 quispiam
1216 2381 1339 2413 Usener
1403 2378 1536 2423 (nunc)

206 2436 272 2463 tam
290 2431 462 2463 Fleckeisen
552 2430 677 2461 auidax
694 2429 834 2461 Skutsch
852 2427 986 2470 (Philol.
1005 2435 1056 2467 59,
1072 2426 1154 2467 503)
