1727 2702
148 1153 187 1176 10

152 1478 189 1510 15

569 180 1165 242 AVLVLARIA

565 434 1095 484 ARGVMENTVM
1149 435 1168 482 1

369 554 496 592 Senex
517 566 654 591 avarus
675 552 736 590 vix
756 551 830 590 sibi
851 553 1016 591 credens
1039 550 1180 590 Euclio

370 618 480 658 domi
501 631 595 656 suae
615 618 812 656 defossam
835 617 966 655 multis
987 630 1078 655 cum
1100 616 1242 667 opibus

369 685 498 722 aulam
522 683 680 730 invenit,
704 696 937 733 rursumque
958 681 1115 732 penitus
1137 680 1339 721 conditam

370 749 555 799 exanguis
575 762 712 788 amens
733 756 868 788 servat.
929 748 1012 786 eius
1034 747 1152 786 filiam

371 814 593 864 Lyconides
614 813 775 852 vitiarat.
837 813 985 852 interea
1005 826 1125 851 senex

370 881 611 929 Megadorus
632 893 654 917 a
674 892 806 918 sorore
828 892 965 918 suasus
988 879 1132 917 ducere

368 958 529 983 uxorem
550 944 654 982 avari
673 952 831 994 gnatam
854 943 1035 994 deposcit
1056 943 1142 982 sibi.

369 1010 490 1048 durus
511 1022 629 1047 senex
649 1009 711 1046 vix
732 1008 923 1059 promittit
944 1017 1064 1059 atque
1084 1010 1197 1048 aulae
1218 1008 1360 1047 timens

368 1075 492 1113 domo
512 1074 707 1112 sublatam
729 1073 842 1112 variis
864 1073 1058 1112 abstrudit
1079 1073 1186 1112 locis.

368 1138 529 1178 insidias
550 1152 682 1177 servos
703 1138 794 1177 facit
815 1138 932 1177 huius
955 1138 1169 1189 Lyconidis

368 1203 434 1254 qui
457 1202 645 1254 virginem
667 1203 817 1242 vitiarat
836 1217 845 1251 3
873 1210 993 1253 atque
1014 1203 1097 1253 ipse
1118 1203 1297 1242 obsecrat

367 1271 605 1308 avonculum
630 1269 892 1319 Megadorum
915 1268 1072 1307 sibimet
1093 1269 1233 1307 cedere

368 1348 530 1373 uxorem
551 1333 708 1372 amanti.
769 1347 837 1384 per
857 1335 994 1372 dolum
1018 1347 1108 1372 mox
1131 1332 1272 1371 Euclio

368 1414 458 1439 cum
482 1400 716 1450 perdidisset
736 1401 878 1446 aulam,
902 1398 1100 1450 insperato
1121 1397 1269 1438 invenit

369 1467 574 1515 laetusque
596 1473 727 1503 natam
749 1466 932 1503 conlocat
954 1462 1157 1514 Lyconidi.

561 1645 1088 1693 ARGVMENTVM
1141 1646 1189 1693 H

370 1762 518 1800 Aulam
541 1768 731 1811 repertam
753 1761 835 1799 auri
858 1763 1015 1812 plenam
1040 1762 1180 1801 Euclio

371 1827 424 1865 Vi
446 1840 600 1864 summa
621 1834 757 1873 servat,
782 1825 931 1865 miseris
951 1828 1130 1866 adfectus
1153 1826 1290 1867 modis.

372 1891 596 1941 Lyconides
618 1891 727 1930 istius
748 1890 856 1929 vitiat
879 1891 1009 1930 filiam.

371 1957 469 1995 Volt
491 1958 592 1995 hanc
616 1958 856 2007 Megadorus
878 1957 1095 1996 indotatam
1117 1958 1272 2003 ducere,

374 2023 615 2072 Lubensque
637 2030 677 2060 ut
700 2022 814 2061 faciat
835 2024 902 2062 dat
923 2036 1073 2073 coquos
1094 2036 1183 2061 cum
1207 2020 1384 2060 obsonio.

374 2087 486 2130 Auro
507 2087 691 2125 formidat
714 2087 865 2134 Euclio,
888 2087 1081 2126 abstrudit
1104 2087 1204 2126 foris.

374 2152 439 2191 Re
460 2152 567 2189 omni
591 2152 766 2202 inspecta
791 2152 1072 2202 compressoris
1094 2153 1268 2190 servolus

376 2218 422 2256 Id
444 2217 576 2267 surpit.
638 2217 715 2254 illic
740 2216 919 2255 Euclioni
943 2231 1022 2255 rem
1047 2218 1170 2256 refert.

374 2283 442 2320 Al)
463 2298 510 2321 eo
531 2284 700 2321 donatur
720 2296 827 2328 auro,
851 2296 970 2321 uxore
991 2290 1028 2320 et
1052 2283 1140 2320 filio.

401 2386 430 2416 ΙΙ
457 2388 478 2416 6
501 2387 656 2418 abstridit
672 2386 761 2417 fores
778 2386 841 2416 cod.
978 2396 995 2425 7
1021 2386 1207 2425 inspectata
1224 2383 1359 2415 Mueller
