1727 2702
122 79 169 115 V.
193 79 238 115 iv
483 76 531 114 T.
564 73 745 114 MACCI
777 71 981 111 PLAVTI
1012 69 1242 110 CAPTIVI

134 202 176 225 πο
194 189 365 226 PmLoc.
398 185 505 236 quin,
528 184 706 235 inquam,
725 182 830 221 intus
850 180 915 220 hic
937 187 1006 220 est.
1065 181 1139 219 Tv,
1171 179 1293 219 fecisti
1321 181 1463 232 edepol
1483 187 1522 219 et

1223 253 1327 284 recte
1347 253 1385 284 et
1407 245 1519 284 bene.

195 319 365 356 PfflLoc.
398 329 504 354 nunc
525 314 596 353 tibi
612 321 721 365 pater
741 313 805 352 hic
825 319 906 351 est:
937 311 1001 350 hic
1022 312 1081 350 fur
1101 318 1159 350 est
1179 313 1258 350 tuo'
1273 311 1340 362 qui
1358 324 1522 362 paruom

1179 376 1272 415 hinc
1292 384 1330 415 te
1349 375 1520 426 apstulit.

193 448 267 486 Tv.
299 455 337 485 at
359 459 431 497 ego
452 447 558 484 hunc
577 443 734 496 grandis
754 443 943 494 grandem
964 449 1058 480 natu
1079 441 1132 480 ob
1153 441 1297 480 furtum
1318 442 1368 480 ad
1389 454 1523 479 carnu-

1269 507 1383 545 ficem
1403 506 1520 545 dabo.

196 579 367 616 Parme.
400 575 560 614 meritus
589 581 657 613 est.
741 574 814 612 Tv.
847 585 938 622 ergo
969 572 1111 622 edepol
1141 569 1317 624 (merito)
1345 571 1522 609 meritam
1546 581 1635 607 1020

1162 636 1383 674 mercedem
1405 636 1522 674 dabo.

195 707 266 746 sed
298 705 377 759 (tu)
409 706 474 744 dic
507 717 600 743 oro:
641 711 750 755 pater
784 703 886 741 meu’
920 709 1015 740 tune
1053 702 1124 740 es?
1206 702 1286 739 HE.
1317 713 1391 750 ego
1424 713 1523 747 sum,

1322 772 1439 815 gnate
1459 764 1523 803 mi.

140 857 153 878 2
159 856 177 889 5
197 839 270 875 ΤΥ.
286 849 392 875 nunc
403 834 613 874 demumin
628 833 858 873 memoriam
872 833 1003 879 redeO,
1012 844 1135 882 quom
1149 844 1305 870 mecum
1322 827 1525 882 recogito.]

198 916 303 941 nunc
324 903 466 952 edepol
487 901 648 939 demum
671 899 709 937 in
733 897 960 937 memoriam
982 896 1179 947 regredior
1197 896 1354 935 audisse
1374 909 1448 942 me,

198 968 309 1018 quasi
330 980 398 1018 per
419 967 620 1012 nebulam,
642 964 868 1015 Hegionem
890 976 1022 1001 meum
1043 969 1193 1013 patrem
1214 961 1398 1000 uocarier.

202 1035 281 1072 HE.
315 1032 346 1070 is
375 1044 448 1082 ego
478 1044 575 1070 sum.
637 1031 810 1068 PfflLoc.
841 1027 1103 1078 compedibus
1133 1039 1281 1078 quaeso
1310 1034 1352 1064 ut
1381 1025 1451 1064 tibi
1479 1024 1527 1063 sit
1551 1037 1636 1074 1025

1284 1091 1408 1131 leuior
1428 1090 1529 1129 filius

198 1171 318 1214 atque
361 1162 453 1200 huic
491 1161 645 1212 grauior
692 1173 836 1199 seruos.
909 1160 989 1197 HE.
1027 1164 1215 1197 certumst
1253 1156 1446 1208 principio
1489 1155 1529 1194 id

1278 1220 1526 1273 praeuortier.

140 1311 182 1343 30
202 1307 337 1333 eamus
359 1294 471 1339 intro,
495 1300 535 1330 ut
556 1298 773 1330 arcessatur
794 1289 912 1336 saber,
935 1297 976 1328 ut
998 1288 1090 1328 istas
1110 1287 1315 1338 compedis

200 1359 271 1399 tibi
288 1358 471 1404 adimam,
490 1356 582 1395 huic
598 1357 701 1395 dem.
734 1356 796 1393 ST.
813 1354 905 1405 quoi
923 1353 1050 1405 peculi
1068 1353 1163 1392 nihil
1178 1360 1249 1400 est,
1263 1359 1366 1391 recte
1383 1350 1529 1390 feceris.

731 1444 998 1482 CATERVA

200 1520 458 1569 Spectatores‚
481 1517 531 1555 ad
552 1515 719 1566 pudicos
741 1527 868 1552 mores
890 1514 991 1551 facta
1013 1514 1110 1552 haec
1131 1512 1263 1551 fabula
1283 1521 1352 1559 est,

201 1596 330 1634 neque
351 1583 389 1620 in
410 1583 484 1620 hac
505 1579 802 1630 subigitationes
823 1586 913 1616 sunt
934 1591 1063 1628 neque
1084 1579 1162 1616 ulla
1181 1577 1328 1616 amatio
1551 1584 1642 1620 1030

202 1661 274 1687 nec
297 1647 404 1698 pueri
426 1645 645 1696 suppositio
667 1657 739 1683 nec
760 1643 906 1693 argenti
930 1643 1226 1690 circumductio,

142 1722 181 1755 35
204 1726 332 1764 neque
366 1712 434 1751 ubi
467 1724 604 1750 amans
637 1711 871 1748 adulescens
903 1716 1074 1747 scortum
1111 1708 1247 1746 liberet
1282 1709 1381 1746 clam
1416 1719 1528 1745 suom

1367 1781 1527 1823 patrem.

203 1843 318 1882 huius
339 1842 447 1882 modi
469 1853 614 1892 paucas
635 1847 776 1891 poetae
798 1839 995 1890 reperiunt
1016 1838 1254 1885 comoedias,

203 1910 269 1948 ubi
292 1909 385 1948 boni
409 1907 588 1946 meliores
611 1908 716 1945 fiant.
777 1919 882 1944 nunc
904 1919 989 1949 uos,
1010 1905 1039 1943 si
1062 1905 1175 1944 uobis
1197 1907 1323 1955 placet

203 1982 241 2013 et
262 1975 292 2013 si
315 1973 533 2025 placuimus
555 1985 684 2022 neque
706 1971 800 2010 odio
822 1971 976 2017 fuimus,
1000 1970 1152 2020 signum
1176 1971 1251 2008 1100
1274 1969 1437 2008 mittite:
1556 1976 1641 2013 1035

203 2040 270 2091 qui
292 2039 504 2090 pudicitiae
525 2051 610 2076 csse
632 2037 748 2075 uoltis
769 2036 998 2087 praemium,
1022 2037 1200 2086 plausum
1223 2036 1324 2073 date.

252 2152 336 2173 1020
371 2142 491 2172 merito
516 2139 591 2171 add.
626 2138 783 2170 Grutcrus
927 2148 1006 2169 1021
1033 2143 1068 2169 tu
1094 2137 1169 2168 add.
1199 2138 1308 2168 Havr!
1453 2147 1534 2168 1022

207 2187 356 2222 recogito
387 2184 567 2215 Gmtrrus:
602 2183 715 2221 cogito
741 2181 805 2213 cod.
947 2191 1027 2220 1023
1052 2181 1219 2212 audissem
1248 2191 1299 2211 me
1329 2181 1379 2212 P:
1405 2182 1534 2211 redisse

208 2242 259 2261 me
276 2230 308 2260 A
448 2237 528 2266 ¹0²5
554 2229 581 2258 is
602 2237 667 2257 om.
692 2225 724 2256 Ρ
856 2227 938 2256 1026
962 2225 1055 2265 huic]
1081 2225 1134 2255 hic
1155 2223 1188 2254 Ρ
1281 2225 1481 2264 principium
1507 2224 1539 2254 Ρ

211 2275 337 2313 1030-6
353 2274 386 2304 ιή
404 2272 435 2302 Α
455 2272 537 2302 nihil
549 2271 667 2311 legitur
686 2269 750 2299 m‘si
769 2269 896 2309 pm'mae
918 2269 1038 2299 litterae
1058 2278 1215 2298 versuum
1235 2277 1312 2307 1031
1334 2273 1361 2297 c!
1383 2278 1459 2307 ¹034

252 2325 488 2348 FRAGMENTVM
515 2324 648 2345 nvmvm
796 2311 928 2342 Nonius
951 2321 1015 2342 220
1038 2311 1160 2351 pilleus
1185 2312 1320 2350 generis
1346 2311 1532 2342 masculini.

209 2361 347 2392 Plautus
365 2360 536 2399 Captiuis:
573 2358 709 2397 pilleum
732 2355 841 2395 Quem
867 2356 980 2386 habuit
1005 2355 1149 2394 deripuit
1173 2364 1316 2394 eumque
1341 2355 1383 2385 ad
1406 2355 1535 2386 caelum

208 2405 304 2437 tollit.
352 2404 392 2434 In
411 2404 543 2434 nomine
554 2402 686 2440 fabulae
701 2404 846 2432 erratum
863 2410 926 2429 esse
941 2397 1067 2431 vt'ddur
