1727 2702
165 85 215 125 V.
238 87 286 124 iv
481 88 528 126 T.
561 87 743 127 MACCI
774 89 979 126 PLAVTI
1011 88 1330 128 MERCATOR

238 203 310 240 Ev.
333 201 430 252 quid
451 201 552 240 istuc
571 204 660 241 est?
716 203 786 240 Lv.
810 215 922 241 suam
942 201 1110 253 quisque
1129 203 1253 241 homo
1272 215 1354 240 rem
1375 201 1564 242 meminit.

1229 269 1427 318 responde
1446 267 1543 307 mihi
1559 283 1567 308 :

236 340 372 371 certon
391 332 467 371 scis
489 346 571 371 non
591 346 821 372 suscensere
841 333 938 372 mihi
958 341 1067 372 tuam
1088 334 1284 373 matrem?
1342 334 1414 371 Ev.
1445 332 1538 372 scio.

236 398 306 436 Lv.
329 397 432 437 uide.
476 400 548 436 Ev.
572 412 660 438 mea
680 400 768 438 fide.
814 400 883 437 Lv.
907 398 1000 437 satis
1016 399 1157 438 habeo.
1198 398 1239 438 id
1255 412 1405 449 quaeso
1424 400 1565 446 hercle,

1322 463 1440 502 etiam
1460 463 1564 503 uide.

236 529 308 566 Ev.
339 542 422 566 non
443 528 540 567 mihi
560 529 718 568 credis?
775 531 844 567 Lv.
878 529 1002 568 immo
1027 530 1158 577 credo,
1181 530 1251 568 sed
1272 537 1405 568 tamen
1431 536 1566 568 metuo

1437 607 1563 632 miser.

233 724 330 776 priu’
351 738 471 775 quam
491 724 694 773 abeamus,
715 738 795 775 qua
814 738 857 764 se
876 726 962 775 lege
982 732 1143 763 teneant
1162 724 1420 776 contentique
1439 724 1526 763 sint.

233 803 360 829 annos
379 798 522 840 gnatus
542 790 744 841 sexaginta
763 791 832 841 qui
851 790 934 838 erit,
956 789 989 829 si
1009 803 1129 841 quem
1149 789 1338 829 scibimus

234 854 267 893 si
287 854 470 894 maritum
491 855 576 894 siue
595 856 728 894 hercle
745 856 849 895 adeo
869 855 1062 894 caelibem
1082 854 1296 903 scortarier,

235 922 327 960 etim
348 935 397 960 eo
416 934 490 960 nos
510 920 575 960 hic
595 923 681 972 lege
699 934 862 971 agemus
879 936 886 959 :
916 920 1101 960 inscitum
1121 920 1397 959 arbitrabimur
1704 960 1705 968 ἵ

174 995 217 1027 60
235 993 275 1026 et
294 1000 363 1036 per
382 999 455 1025 nos
476 985 640 1036 quidem
659 987 791 1025 hercle
810 985 942 1037 egebit
961 985 1029 1036 qui
1049 999 1164 1024 suom
1184 985 1416 1036 prodegerit.
1591 1000 1680 1026 1020
1700 1010 1708 1032 9

235 1067 313 1092 neu
333 1052 544 1103 quisquam
565 1053 733 1103 posthac
752 1051 962 1103 prohibeto
981 1052 1279 1090 adulescentem
1300 1051 1423 1090 filium
1485 1055 1487 1058 ⁴
1707 1055 1709 1060 ’

235 1118 331 1168 quin
351 1124 458 1156 amet
477 1124 516 1156 et
536 1124 710 1156 scortum
731 1118 863 1164 ducat,
885 1117 995 1167 quod
1015 1117 1125 1155 bono
1145 1116 1213 1154 fiat
1232 1117 1381 1164 modo;

234 1183 357 1234 siquis
395 1183 650 1234 prohibuerit,
686 1185 774 1233 plus
812 1184 950 1234 perdet
983 1184 1084 1221 clam
1117 1181 1264 1236 <qua>si
1302 1183 1567 1234 praehibuerit

1423 1249 1564 1299 palam.

237 1315 334 1353 haec
353 1315 457 1353 adeo
482 1312 487 1366 Ι
513 1313 570 1352 uti
590 1313 638 1352 ex
657 1314 732 1352 hac
752 1321 869 1352 nocte
890 1313 1060 1363 primum
1080 1314 1142 1351 lex
1161 1320 1294 1352 teneat
1313 1326 1439 1352 senes.

176 1389 217 1431 65
237 1380 340 1419 bene
360 1380 489 1418 ualete
504 1394 515 1428 3
542 1387 673 1429 atque,
695 1380 982 1426 adulescentes,
1005 1380 1104 1417 haec
1125 1378 1157 1417 si
1178 1378 1294 1417 uobis
1314 1380 1375 1417 lex
1395 1380 1535 1429 placet,
1591 1391 1677 1425 1023

237 1444 291 1482 ob
310 1457 451 1482 senum
467 1444 598 1482 hercle
619 1442 852 1482 industriam
874 1457 945 1482 uos
960 1456 1132 1493 aequom
1154 1451 1212 1481 est
1228 1444 1331 1481 clare
1351 1444 1548 1493 plaudere.

286 1558 368 1587 1013
391 1548 494 1578 uideo
510 1557 565 1578 me
583 1547 650 1578 fide
666 1546 734 1579 cod.
749 1559 756 1578 ε
789 1557 869 1578 corr.
887 1546 1026 1578 Ribbeck
1114 1546 1163 1589 id]
1187 1548 1248 1578 sed
1271 1546 1399 1578 Ritschl
1488 1557 1568 1587 1017

240 1592 299 1623 ΙΝ.
326 1602 431 1622 annos
459 1591 524 1622 cod.
553 1595 590 1621 ut
613 1590 678 1623 vid.
793 1591 876 1622 1018
898 1591 926 1621 si
959 1591 1066 1622 Brix:
1104 1601 1164 1622 seu
1195 1590 1274 1630 cod.,
1307 1595 1418 1621 contra
1446 1601 1569 1621 morem

238 1635 438 1666 Plautinum
531 1645 616 1675 1019
637 1635 698 1665 hac
710 1634 814 1665 Bothe
904 1645 982 1666 1021
1011 1635 1079 1665 filia
1090 1635 1155 1666 cod.
1250 1644 1334 1673 1023
1356 1644 1457 1674 quam
1470 1634 1568 1676 (qua)

239 1678 315 1710 add.
334 1678 547 1709 Camerarius
644 1678 852 1719 prohibuerit
869 1678 933 1709 cod.
1040 1689 1121 1718 1024
1146 1678 1196 1709 vel
1217 1684 1252 1709 ut
1276 1678 1336 1718 <ita
1361 1677 1464 1718 cod.):
1489 1678 1570 1708 uolo

243 1722 367 1763 Ussing
