1727 2702
149 93 252 131 1V.1
644 92 690 129 T.
724 91 904 131 MACCI
936 92 1140 130 PLAVTI

237 203 345 243 domi
367 217 477 244 meae
497 217 630 243 eccam
653 205 801 242 saluam
823 210 860 243 et
881 217 1028 243 sanam.
1086 217 1177 243 nam
1199 211 1409 256 postquam
1429 203 1565 244 audiui

1474 269 1565 309 ilico
1656 274 1662 292 ⁸

237 348 258 374 e
279 347 368 373 meo
389 336 502 373 seruo
523 334 628 372 illam
649 346 734 373 esse
755 340 922 384 captam,
945 332 1136 373 continuo
1155 341 1360 385 argentum
1380 333 1473 373 dedi

236 408 278 438 ut
299 408 502 439 emeretur.
560 399 624 437 ille
644 412 730 437 eam
751 412 833 438 rem
854 399 955 437 adeo
975 398 1104 438 sobrie
1123 406 1163 438 et
1182 399 1378 450 frugaliter
1586 407 1630 453 5⁶

236 464 433 504 accusauit
454 472 594 502 ut—ut
613 464 665 502 ad
685 463 780 502 alias
802 477 861 503 res
882 471 941 502 est
961 463 1125 514 inpense
1145 463 1345 515 inprobus.

177 541 217 572 45
239 531 312 568 ΡΗ.
344 531 405 568 sac
433 529 604 576 uideam,
633 528 688 568 sei
718 542 816 576 mea,
848 529 903 568 sei
933 530 1083 568 saluam
1108 528 1209 582 (me)
1234 529 1304 568 uis.
1364 531 1432 568 PE.
1465 531 1565 568 eho!

1206 594 1332 642 istinc,
1355 595 1565 642 Canthara,

236 660 328 698 iube
347 659 588 698 Telestidem
609 660 686 698 huc
706 659 862 710 prodire
882 658 1001 697 filiam
1022 666 1114 698 ante
1131 659 1240 698 aedis
1260 673 1401 707 meam,

236 734 278 765 ut
299 739 409 764 suam
430 727 562 764 uideat
583 733 757 764 matrem.
809 727 884 763 ΡΗ.
906 724 1087 775 remigrat
1105 724 1260 764 animus
1279 738 1386 764 nune
1406 726 1568 764 demum
1687 742 1694 774 ς

1460 789 1568 829 mihi.

193 904 222 941 ii
295 905 717 941 Acaopoms‘rxs
803 902 1172 939 PERIPHANES
1257 902 1534 939 PHILIPPA

240 989 313 1025 Ac.
338 985 446 1035 Quid
467 992 535 1030 est,
559 991 678 1034 pater,
701 984 811 1034 quod
832 996 895 1022 me
922 982 1099 1021 exciuisti
1119 989 1211 1021 ante
1230 982 1370 1021 aedis?
1427 983 1495 1020 PE.
1526 989 1568 1020 ut
1591 993 1658 1031 570
1686 1027 1687 1031 Ἰ

1279 1055 1441 1086 matrem
1462 1055 1570 1086 tuam
1692 1038 1693 1044 ¹

239 1116 386 1161 uideas,
408 1116 536 1161 adeas,
559 1112 790 1152 aduenienti
810 1114 881 1151 des
902 1114 1066 1151 salutem
1087 1120 1207 1162 atque
1226 1114 1417 1151 osculum.

240 1183 311 1219 Ac.
345 1192 462 1230 quam
485 1191 613 1216 meam
635 1178 829 1216 matrem?
888 1179 955 1215 PE.
988 1190 1090 1227 quae
1109 1177 1330 1216 exanimata
1350 1176 1574 1228 exsequitur

1224 1249 1427 1292 aspectum
1449 1249 1571 1281 tuom.
1680 1257 1688 1278 ι

243 1313 318 1349 ΡΗ.
349 1309 437 1360 quis
458 1309 578 1347 istaec
603 1315 660 1346 est
687 1321 807 1358 quam
834 1314 876 1345 tu
896 1308 1076 1346 osculum
1098 1306 1152 1345 mi
1179 1307 1276 1346 serre
1300 1306 1441 1346 iubes?
1503 1308 1571 1345 PE.

1396 1379 1462 1410 tua
1482 1372 1570 1410 filia.

207 1455 225 1487 5
246 1443 319 1479 ΡΗ.
351 1439 545 1479 haecine?
603 1439 802 1476 P1‹:.haec.
863 1439 936 1475 ΡΗ.
969 1450 1094 1487 egone
1121 1438 1299 1476 osculum
1331 1436 1422 1476 huic
1451 1438 1573 1476 dem?

833 1504 899 1541 PE.
932 1516 1005 1552 qur
1024 1515 1116 1549 non,
1140 1515 1241 1552 quae
1261 1516 1307 1540 ex
1327 1510 1365 1540 te
1385 1510 1476 1541 nata
1495 1502 1573 1542 sit?

242 1573 317 1610 ΡΗ.
348 1574 390 1610 tu
411 1571 534 1609 homo
553 1568 710 1607 insanis.
773 1570 840 1606 PE.
864 1569 1019 1618 egone?
1092 1569 1166 1605 ΡΗ.
1189 1575 1294 1606 tune.
1371 1569 1438 1605 PE.
1470 1569 1572 1618 qur?
1594 1579 1656 1618 575
1668 1564 1693 1627 s

950 1635 1022 1671 ΡΗ.
1054 1633 1146 1683 quia
1166 1632 1239 1683 ego
1260 1634 1360 1671 hanc
1381 1632 1481 1682 quae
1502 1633 1573 1670 siet
1672 1631 1693 1645 “’

241 1715 369 1752 neque
389 1700 472 1740 scio
491 1712 621 1750 neque
641 1698 735 1737 noui
756 1711 885 1748 neque
905 1711 978 1748 ego
999 1698 1100 1736 hane
1115 1697 1239 1736 oculis
1256 1697 1336 1736 uidi
1357 1705 1448 1735 ante
1469 1698 1573 1735 hunc
1668 1695 1683 1757 '3

1454 1761 1570 1800 diem.
1671 1764 1676 1772 “

244 1835 310 1871 PE.
343 1832 425 1871 scio
446 1830 543 1881 quid
563 1843 664 1869 erres
684 1844 691 1867 :
721 1828 813 1879 quia
834 1828 1018 1867 uestitum
1046 1835 1165 1879 atque
1192 1835 1373 1867 ornatum
1396 1827 1573 1865 immuta·
1672 1811 1679 1855 ⁸⁸

1453 1892 1572 1931 bilem

243 1963 361 2002 habet
381 1964 490 2009 haec,
523 1976 541 1996 *

188 2040 225 2062 10
245 2030 317 2066 ΡΗ.
621 2039 638 2060 *
795 2025 907 2064 aliter
924 2025 1041 2064 catuli
1063 2026 1179 2076 longe
1199 2026 1316 2072 olent,
1340 2024 1450 2063 aliter
1470 2035 1569 2062 sues.

287 2134 351 2172 566
374 2138 408 2163 ut
426 2132 465 2162 ad
484 2142 550 2162 om.
564 2131 595 2162 P
691 2131 752 2168 567
778 2130 824 2160 sci
845 2140 917 2160 mea
935 2131 982 2160 sci
1001 2130 1127 2161 saluam
1147 2139 1200 2160 mc
1211 2130 1262 2160 uis
1275 2128 1404 2168 scn'psi:
1430 2127 1570 2167 sim(ea)

243 2175 503 2207 seisaluamdA
522 2187 528 2205 :
546 2175 571 2204 si
591 2184 643 2204 mc
661 2174 711 2204 uis
727 2173 758 2203 P
843 2174 908 2212 568
931 2173 1135 2204 Telestidem
1155 2172 1248 2203 Valla
1265 2185 1271 2203 :
1295 2171 1569 2211 acropolistidem

243 2219 330 2251 codd.
425 2219 489 2249 huc
506 2229 571 2249 om.
592 2217 624 2247 P
747 2218 810 2255 569
835 2216 977 2255 remigat
993 2217 1026 2247 A
1157 2217 1287 2256 571—80
1309 2216 1343 2245 in
1361 2215 1393 2245 A
1408 2220 1514 2255 pauca
1530 2214 1570 2244 le-

239 2267 371 2304 guntur
471 2272 529 2301 571
558 2261 752 2292 aduenienti
772 2260 1003 2291 Camerarius:
1029 2261 1178 2291 uenienti
1196 2259 1228 2290 P
1245 2259 1295 2295 (A
1314 2269 1345 2290 n.
1366 2258 1404 2289 m
1507 2267 1570 2296 574

245 2317 330 2346 quor
346 2306 378 2336 A
399 2310 435 2336 ut
451 2305 513 2337 vid.
649 2313 712 2344 575
737 2313 822 2342 quor
838 2302 960 2345 (nam)
979 2303 1076 2334 Goetz
1199 2303 1272 2342 578.
1292 2312 1356 2341 579
1380 2301 1445 2331 duo
1460 2310 1573 2331 vcrsus

236 2351 375 2390 suerunt
385 2350 418 2380 in
432 2349 464 2378 A
486 2361 492 2380 ι
519 2359 628 2379 tamem
645 2358 788 2384 versum,
806 2346 923 2378 lac-mm
941 2357 1006 2378 non
1023 2347 1173 2384 indicata,
1189 2345 1310 2378 exhibet
1325 2344 1358 2375 P
1370 2345 1422 2385 (cf
1437 2343 1484 2375 ad
1493 2344 1571 2385 554)

248 2404 311 2434 579
334 2394 404 2424 suis
421 2392 507 2424 codd.
530 2396 622 2431 (corr.
641 2390 701 2430 13³)
