1727 2702
147 84 188 121 II
225 84 254 120 ii
639 86 686 123 T.
720 85 901 125 MACCI
934 86 1137 124 PLAVTI

163 207 203 239 35
225 197 432 247 pleraeque
451 209 520 235 eae
541 195 615 234 sub
635 194 880 234 uestimentis
901 208 1035 234 secum
1056 195 1256 234 habebant
1275 195 1380 236 retia.

223 274 344 311 quom
371 262 422 300 ad
450 268 601 312 portam
630 259 762 309 uenio,
781 267 901 310 atque
921 273 995 311 ego
1024 259 1128 299 illam
1154 260 1208 299 1'lli
1235 261 1354 300 uideo
1382 269 1554 313 praesto-

1441 327 1554 367 larier

222 398 261 430 et
281 404 370 430 cum
391 403 438 429 ea
457 389 642 428 tibicinae
662 389 772 429 ibant
788 397 982 440 quattuor.
1044 391 1112 428 PE.
1145 389 1317 440 quicum,
1337 391 1536 442 Epidice?

224 458 292 495 ΕΡ.
323 469 414 494 cum
427 455 492 493 illa
505 468 623 506 quam
638 456 717 493 tuo’
733 462 874 505 gnatus
889 467 1016 493 annos
1037 456 1181 493 multos
1201 456 1369 503 deamat,
1387 456 1552 507 deperit.

223 521 289 560 ubi
311 522 510 571 fidemque
530 534 692 571 remque
711 533 834 570 seque
854 528 972 571 teque
991 528 1173 572 properat
1192 521 1355 571 perdere
1371 535 1382 569 3
1571 533 1641 559 220

161 601 204 631 40
223 599 267 625 ea
284 585 593 636 praestolabatur
606 585 715 623 illurn
731 586 838 635 apud
854 592 1018 636 portam.
1070 586 1138 623 PE.
1170 585 1290 624 uiden
1303 587 1522 625 ueneficam
1536 589 1554 626 ?

224 652 292 689 ΕΡ.
325 651 394 689 sed
424 650 575 698 uestita,
608 658 753 698 aurata,
787 658 924 689 ornata
953 658 995 689 ut
1025 650 1166 701 lepide,
1198 658 1240 689 ut
1273 651 1479 700 concinne,
1510 660 1553 690 ut

1422 729 1526 755 noue
1545 720 1552 755 Ξ

222 781 290 819 PE.
322 779 419 831 quid
448 787 529 819 erat
554 779 723 819 induta?
779 793 830 819 an
861 780 1035 831 regillam
1066 780 1293 820 induculam
1324 793 1373 819 an
1405 781 1554 820 mendi-

1394 847 1523 884 culam
1537 848 1554 885 ?

222 912 290 949 ΕΡ.
323 910 606 961 impluuiatam,
630 918 672 948 ut
693 910 812 950 istaec
834 910 982 949 faciunt
1002 910 1249 949 uestimentis
1270 910 1441 949 nomina.

222 978 289 1015 PE.
332 975 416 1015 utin
450 975 686 1026 impluuium
722 975 861 1015 induta
892 975 1036 1014 fuerit?
1093 977 1162 1014 ΕΡ.
1203 975 1299 1026 quid
1333 975 1433 1014 istuc
1471 984 1551 1014 tam
1572 989 1637 1027 225

1267 1040 1443 1080 mirabile
1463 1049 1521 1080 est
1537 1043 1554 1080 ?

158 1125 200 1156 45
221 1107 331 1158 quasi
352 1119 433 1146 non
454 1105 586 1145 fundis
607 1113 816 1145 exornatae
837 1107 983 1145 multae
1005 1105 1190 1145 incedant
1210 1119 1279 1156 per
1299 1106 1391 1144 uias.

219 1180 258 1211 at
278 1172 445 1211 tributus
466 1184 587 1222 quom
605 1171 818 1221 imperatus
838 1179 907 1219 est,
930 1179 1075 1221 negant
1095 1171 1215 1221 pendi
1236 1171 1339 1222 potis
1357 1186 1365 1210 :

1688 723 1701 780 q,

1679 791 1694 815 ,.

1666 1164 1678 1220 l

220 1238 293 1276 illis
313 1237 448 1288 quibu'
469 1236 636 1276 tributus
658 1236 782 1275 maior
801 1236 996 1287 penditur,
1020 1236 1139 1286 pendi
1161 1244 1300 1287 potest.

221 1303 317 1354 quid
338 1302 434 1342 istae
454 1315 556 1352 quae
576 1301 700 1341 uestei
722 1301 935 1352 quotannis
956 1301 1118 1340 nomina
1139 1301 1345 1340 inueniunt
1366 1303 1502 1340 noua?
1658 1243 1675 1354 i

221 1368 394 1407 tunicam
415 1369 561 1415 ranam,
584 1367 758 1406 tunicam
779 1366 956 1417 spissam,
979 1366 1184 1405 linteolum
1205 1365 1427 1414 caesicium‚
1574 1376 1642 1411 230
1666 1362 1674 1411 ᾗ

161 1447 203 1480 50
222 1433 471 1480 indusiatam,
494 1432 742 1483 patagiatam‚
765 1433 950 1470 caltulam
971 1439 1039 1470 aut
1059 1432 1315 1478 crocotulam,

221 1499 434 1549 subparum
455 1496 836 1544 aut—subnimium,
858 1496 990 1544 ricam,
1013 1495 1218 1535 basilicum
1239 1503 1306 1534 aut
1326 1495 1536 1543 exoticum,

220 1563 404 1602 cumatile
437 1570 504 1602 aut
535 1558 749 1613 plumatile',
783 1561 958 1600 carinum
991 1569 1057 1600 aut
1087 1561 1452 1612 cerinum—gerrae
1479 1574 1556 1599 ma-

1388 1639 1529 1664 xumae
1547 1628 1554 1664 ἔ

221 1693 309 1732 cani
343 1706 502 1744 quoque
533 1693 649 1732 etiam
685 1694 956 1743 ademptumst
989 1705 1148 1731 nomen.
1220 1693 1287 1729 PE.
1320 1690 1417 1741 qui?
1483 1691 1553 1728 Ep,

1135 1764 1278 1795 uocant
1300 1755 1552 1794 Laconicum.
1667 1806 1670 1809 Δ

223 1824 320 1863 haec
341 1824 535 1863 uocabula
554 1823 758 1862 auctiones
779 1823 964 1874 subigunt
986 1831 1027 1862 ut
1049 1823 1191 1861 saciant
1213 1822 1327 1860 uiros.
1573 1830 1638 1868 235

163 1902 204 1934 55
224 1891 295 1928 ΑΡ.
326 1889 421 1940 quin
443 1897 483 1928 tu
505 1897 546 1928 ut
567 1889 755 1940 occepisti
785 1891 979 1940 loquere?
1037 1891 1106 1927 ΕΡ.
1139 1901 1328 1938 occepere
1351 1886 1449 1925 aliae
1474 1899 1555 1924 mu-

1443 1951 1555 1989 lieres

1668 1512 1673 1522 l

1670 1537 1679 1557 t

268 2069 330 2089 222
354 2064 553 2089 ornamenta
572 2058 604 2088 Ρ
618 2059 664 2098 (v.
689 2069 736 2091 12.
757 2069 789 2098 p.
808 2059 865 2098 76)
989 2068 1051 2097 224
1078 2056 1264 2097 inpluuiata
1280 2055 1326 2093 A,
1348 2053 1436 2085 codd.
1455 2053 1560 2084 Nomi·

224 2103 288 2141 548
349 2102 487 2133 facimus
504 2101 536 2132 Ρ
652 2112 715 2141 225
741 2102 830 2143 utin]
849 2101 927 2133 utA
945 2101 1023 2141 (seq.
1045 2101 1110 2140 ὴν)
1180 2099 1296 2139 suerit]
1311 2098 1375 2130 erit
1391 2096 1425 2128 Ρ
1487 2102 1553 2128 tam

224 2157 288 2176 om.
303 2146 334 2176 P
349 2146 410 2183 „iit
429 2147 461 2184 6,
481 2156 510 2185 p.
530 2146 588 2186 49)
722 2147 786 2176 226
809 2145 931 2176 eundis
956 2145 988 2175 A
1015 2144 1058 2184 (E
1075 2149 1136 2184 pro
1161 2143 1202 2183 F)
1329 2151 1392 2180 227
1417 2145 1554 2180 potesse

226 2189 258 2219 Ρ
272 2192 279 2219 (
289 2195 346 2229 pro
364 2194 444 2228 pote
458 2190 485 2228 ἓ)
592 2189 656 2219 228
681 2189 815 2219 tributis
831 2189 863 2218 A
958 2197 1085 2227 229-35
1105 2191 1214 2227 postca
1231 2187 1365 2217 insertos
1380 2194 1446 2214 esse
1460 2183 1557 2214 credit

228 2232 371 2272 ll'aguer
458 2243 516 2271 231
545 2232 706 2263 crutulam
726 2231 758 2261 Ρ
844 2241 908 2270 232
932 2231 1132 2262 subnimium
1154 2229 1283 2260 Nonius
1299 2229 1383 2267 560:
1416 2227 1478 2258 sub
1496 2227 1553 2257 mi-

226 2276 313 2306 niam
330 2276 378 2308 P:
405 2277 628 2307 subnimniam
653 2275 685 2305 A
803 2285 866 2313 233
883 2274 1034 2305 carinum
1054 2276 1141 2313 (gar-
1160 2272 1207 2312 Ρ)
1224 2277 1280 2303 aut
1296 2271 1468 2310 gerrinum
1485 2269 1557 2300 ΑΡ

224 2321 274 2355 (cs
293 2327 298 2334 ¹
315 2320 490 2357 guber-nox
510 2319 580 2355 etc.)
598 2330 603 2348 z
630 2318 778 2349 cerinum
802 2325 857 2348 aut
876 2319 1022 2357 goslinum
1041 2316 1129 2347 codd.
1146 2315 1250 2346 Nonii
1263 2325 1327 2354 549
1489 2324 1550 2352 234

226 2364 383 2403 adeptus!
402 2363 433 2392 A
507 2364 645 2400 uocant]
663 2362 808 2400 eubeant
826 2361 858 2391 A
881 2364 961 2402 (pro
978 2360 1150 2400 lubeant‘l)
1250 2368 1312 2398 235
1337 2357 1399 2388 uiri
1413 2356 1446 2387 Ρ
1459 2357 1495 2397 (i.
1514 2358 1551 2396 9)
