1727 2702
171 134 202 172 Ι.
225 134 270 171 iii
641 136 688 173 T.
721 135 902 174 MACCI
935 134 1137 172 PLAVTI

224 248 298 286 AL.
339 249 621 286 lacrumantem
664 261 711 286 ex
748 246 857 285 abitu
895 245 1111 284 concinnas
1150 253 1191 284 tu
1230 253 1337 283 tuam
1376 255 1547 282 uxorem.

1362 311 1419 348 Ιν.
1450 315 1547 354 tace,

223 392 273 417 ne
306 391 515 428 corrumpe
548 379 695 424 oculos,
729 376 867 416 redibo
899 383 1088 415 actutum.
1148 379 1220 414 Ar„
1252 375 1292 414 id
1329 373 1547 412 ‘actutum’
1568 382 1637 420 530

1388 438 1454 477 diu
1476 444 1544 476 est.

224 509 282 547 Iv.
315 522 395 546 non
429 522 504 558 ego
537 517 575 547 te
610 509 674 546 hic
708 509 849 546 lubens
882 507 1062 558 relinquo
1098 520 1228 557 neque
1258 506 1360 544 abeo
1392 517 1462 554 aps
1496 510 1544 541 te.

1304 573 1375 608 AL.
1407 568 1544 614 sentio,

220 652 311 678 nam
341 653 420 689 qua
449 647 566 678 nocte
598 640 649 678 ad
685 653 748 678 me
777 638 930 685 uenisti,
963 639 1102 676 eadem
1136 637 1230 675 abis.
1292 637 1349 674 Iv.
1381 648 1453 684 qur
1485 646 1547 672 me

1408 701 1548 738 tenes?

159 781 199 814 35
219 777 375 819 tempus
395 777 454 808 est
471 784 478 808 :
507 769 610 808 exire
630 783 676 808 ex
697 769 793 808 urbe
814 768 911 819 priu’
931 781 1049 818 quam
1072 769 1243 806 lucescat
1263 767 1368 804 uolo.

218 848 325 873 nunc
359 834 429 873 tibi
464 836 566 873 hanc
600 842 784 885 pateram,
819 846 921 884 quae
954 834 1063 872 dono
1102 831 1155 869 mi
1190 831 1241 869 illi
1275 831 1327 869 ob
1361 830 1543 868 uirtutem

1363 896 1455 933 data
1474 903 1542 941 est,

219 966 371 1003 Pterela
390 977 456 1003 rex
476 964 543 1015 qui
564 963 754 1015 potitauit‚
778 977 896 1014 quern
917 976 991 1013 ego
1012 975 1100 1001 mea
1119 961 1248 1000 occidi
1268 974 1399 1007 manu,
1566 970 1582 1006 5
1589 970 1629 1007 35

217 1031 452 1076 Alcumena,
473 1028 544 1067 tibi
565 1030 763 1067 condono.
823 1030 896 1066 AL.
929 1027 1023 1066 facis
1045 1035 1086 1065 ut
1105 1026 1200 1064 alias
1220 1039 1280 1064 res
1301 1026 1413 1064 soles.

216 1103 369 1133 ecastor
388 1094 630 1144 condignum
652 1095 815 1140 donum,
837 1094 990 1143 qualest
1010 1092 1077 1142 qui
1097 1093 1248 1130 donum
1269 1090 1389 1129 dedit.

154 1174 197 1205 40
219 1161 302 1197 ΜΕ.
345 1159 468 1197 immo
506 1158 584 1197 sic:
633 1158 876 1208 condignum
916 1158 1080 1204 donum,
1121 1157 1272 1207 qualest
1304 1155 1397 1205 quoi
1437 1157 1545 1194 dono

1357 1222 1541 1260 datumst.

217 1292 274 1329 Iv.
316 1290 450 1341 pergin
489 1291 652 1328 autem?
693 1302 827 1327 nonne
860 1301 934 1339 ego
972 1301 1143 1339 possum,
1187 1286 1351 1334 furcifer,
1391 1294 1430 1325 te
1463 1300 1544 1337 per-

1422 1353 1544 1390 dere?

214 1423 286 1459 AL.
319 1420 399 1459 noli
420 1420 574 1467 amabo,
600 1419 848 1470 Amphitruo,
872 1418 982 1457 irasci
1004 1418 1138 1456 Sosiae
1158 1431 1296 1456 caussa
1317 1431 1412 1456 mea.
1564 1428 1632 1464 540

214 1487 270 1524 Iv.
302 1486 442 1523 faciam
472 1485 523 1523 ita
550 1493 591 1523 ut
619 1485 688 1523 uis.
752 1486 834 1522 ME.
867 1498 914 1522 ex
937 1497 1071 1522 amore
1096 1483 1159 1522 hic
1183 1485 1400 1521 admodum
1422 1496 1541 1533 quam

1310 1562 1450 1587 saeuos
1471 1556 1542 1587 est.

216 1618 274 1655 Iv.
306 1615 500 1666 numquid
523 1615 611 1653 uis?
668 1617 741 1653 AL.
773 1623 815 1653 ut
835 1627 957 1664 quom
978 1613 1102 1664 apsim
1126 1613 1187 1652 me
1208 1627 1327 1661 ames,
1352 1627 1413 1652 me
1435 1622 1541 1652 tuam

1166 1679 1202 1718 te'
1223 1679 1375 1729 apsenti
1397 1687 1538 1718 tamen.

151 1761 192 1795 45
218 1749 302 1785 ΜΕ.
333 1759 480 1792 eamus,
508 1745 758 1796 Amphitruo.
816 1745 978 1784 lucescit
1005 1746 1081 1783 hoc
1108 1745 1195 1783 iam.
1257 1747 1314 1783 Iv.
1346 1745 1409 1783 abi
1437 1759 1539 1795 prae,

1406 1810 1517 1849 Sosia
1534 1825 1543 1857 ;

215 1876 291 1915 iam
322 1889 396 1926 ego
425 1889 575 1926 sequar.
636 1875 830 1926 numquid
864 1875 952 1914 uis?
1008 1878 1080 1914 A1„
1113 1876 1254 1915 etiarn:
1294 1885 1335 1915 ut
1365 1884 1540 1914 actutum

1089 1941 1287 1980 aduenias.
1349 1943 1405 1979 1v.
1438 1941 1539 1988 licet,

216 2008 320 2058 prius
341 2009 408 2045 tua
428 2006 617 2057 opinione
638 2007 701 2044 hic
721 2007 864 2045 adero:
897 2007 1045 2045 bonurn
1066 2007 1242 2044 animum
1265 2007 1398 2044 habes-
1412 2031 1431 2033 -—
1563 2016 1626 2053 545

217 2086 322 2111 nunc
343 2080 392 2118 te,
414 2084 503 2117 nox,
526 2084 627 2120 quae
650 2085 711 2109 me
734 2070 919 2115 mansisti,
944 2071 1056 2109 mitto
1079 2079 1118 2109 ut
1140 2072 1335 2109 concedas
1356 2071 1430 2117 die,

218 2146 260 2176 ut
282 2136 454 2175 mortalis
475 2136 688 2174 inlucescat
709 2136 795 2173 lucc
815 2137 917 2173 clara
937 2143 975 2173 ct
995 2136 1175 2174 candida.

157 2217 201 2248 50
219 2211 337 2252 atque
357 2209 517 2251 quanto,
542 2214 629 2246 nox,
653 2199 756 2237 fuisti
778 2199 929 2249 longior
950 2201 1022 2238 hac
1044 2214 1242 2250 proxuma,

263 2316 324 2345 533
349 2311 399 2336 est
416 2305 489 2336 add.
512 2305 584 2336 Ital.
605 2307 682 2344 (seq.
704 2304 777 2343 ex-)
942 2314 1002 2343 537
1027 2305 1177 2345 ecastor]
1196 2305 1316 2344 edepol
1335 2304 1463 2334 Nonius
1484 2306 1543 2344 198

221 2352 317 2390 (Ppro
333 2360 373 2379 cu
393 2350 444 2379 ed.
460 2366 462 2376 ›
584 2359 646 2387 5⁴2
670 2348 845 2378 absentem
864 2346 928 2377 cod.
946 2359 951 2377 :
977 2358 1054 2379 corr.
1076 2347 1140 2378 Leo
1157 2352 1233 2384 Q-te*
1362 2357 1425 2387 545
1451 2353 1544 2387 prius

220 2396 404 2433 suspectum
538 2394 602 2430 546
627 2391 768 2421 net-edas
789 2394 826 2421 u!
842 2389 904 2421 vid.
926 2390 990 2421 md.
1014 2393 1091 2431 (nec
1109 2393 1209 2422 cedas
1227 2390 1270 2430 D,
1292 2397 1326 2422 ut
1343 2393 1444 2422 cedas
1461 2393 1543 2432 retr.)

238 2437 273 2475 cs.
289 2436 408 2475 Journ.
429 2434 514 2466 Phil.
535 2438 588 2472 26,
604 2435 685 2475 290)
818 2443 878 2473 547
907 2435 1091 2465 inlucescas
1109 2446 1188 2466 corr.
1210 2441 1257 2465 —at
1274 2434 1339 2466 cod.
1361 2438 1398 2465 u!
1413 2435 1474 2466 vid.
