1727 2712
623 114 941 154 MERCATOR
1392 114 1445 151 Π.
1466 113 1511 150 iii

32 235 101 281 380
121 225 232 281 [iam]
255 242 333 267 non
352 243 488 269 uereor
509 244 557 268 ne
578 230 683 267 illam
705 242 768 267 me
788 242 919 267 amare
940 228 1003 266 hic
1024 228 1193 278 potuerit
1213 228 1420 267 resciscere
1438 243 1448 276 3
1465 242 1506 274 45

118 293 265 345 quippe
286 296 393 333 haud
413 295 530 333 etiam
552 294 765 345 quicquam
786 293 919 344 inepte
939 293 1013 332 feci
1032 301 1210 332 amantes
1232 302 1273 332 ut
1294 296 1431 332 solent.

117 359 195 397 Cn.
228 373 288 397 res
308 361 440 398 adhuc
471 359 634 410 quidem
664 360 795 398 hercle
824 358 863 396 in
895 366 1027 406 tutost,
1051 372 1143 397 nam
1168 360 1273 397 hunc
1297 358 1448 398 nescire

1286 431 1345 462 sat
1365 423 1447 463 scio

115 489 166 526 de
186 488 251 527 illa
270 489 397 528 amica
415 504 424 537 3
453 491 562 539 quod
584 489 616 528 si
635 489 764 537 sciret,
785 497 887 528 esset
907 489 982 527 alia
1002 489 1137 528 oratio.

117 554 191 591 DE.
224 554 320 603 quin
342 567 416 604 ego
436 555 542 593 hunc
565 554 773 605 adgredior
801 556 852 593 de
882 554 978 592 illa?
1034 555 1112 594 CH.
1145 554 1240 605 quin
1261 567 1334 604 ego
1355 554 1447 593 hinc

1165 634 1228 659 me
1248 619 1414 658 amolior
1429 622 1446 658 ?

27 691 70 735 38
76 699 92 736 5
115 697 162 722 eo
183 697 267 733 egO,
286 692 327 722 ut
350 698 451 733 quae
472 686 659 723 mandata
678 684 829 723 amicus
845 684 981 723 amicis
997 685 1160 723 tradam.
1223 687 1297 722 DE.
1320 684 1444 724 immo
1463 698 1506 730 50

1304 764 1420 789 mane
1435 765 1444 798 3

112 816 282 864 paucula
302 815 420 853 etiam
441 816 638 855 sciscitare
659 816 756 866 priu’
776 818 882 854 uolo.
940 817 1018 855 CH.
1051 815 1115 854 dic
1136 815 1231 865 quid
1252 815 1361 854 uelis.

114 881 189 918 DE.
222 880 392 930 usquine
422 880 579 919 ualuisti
596 883 612 919 ?
669 881 746 920 CH.
784 888 975 931 perpetuo
1005 887 1119 926 recte,
1154 881 1250 919 dum
1283 880 1445 930 quidem

1265 945 1342 984 illic
1363 945 1418 984 fui
1433 961 1444 993 3

110 1024 247 1049 uerum
277 1010 316 1049 in
346 1018 504 1061 portum
535 1012 613 1049 huc
643 1019 685 1049 ut
715 1025 801 1049 sum
831 1012 1034 1058 aduectus,
1056 1010 1261 1061 nescioqui
1286 1011 1442 1049 animus

1202 1076 1298 1114 mihi
1319 1077 1438 1115 dolet.

111 1143 187 1179 DE.
220 1154 368 1180 nausea
396 1143 540 1192 edepol
570 1143 716 1180 factum
746 1142 890 1188 cred03
920 1154 1057 1179 uerum
1086 1149 1263 1179 actutum
1291 1154 1442 1191 apsces-

1335 1214 1437 1244 serit.

22 1285 92 1320 390
111 1272 179 1310 sed
205 1271 301 1321 quid
335 1271 422 1309 ais?
461 1284 629 1321 ecquam
663 1279 706 1309 tu
740 1271 898 1310 aduexti
933 1279 1024 1309 tuae
1058 1271 1170 1309 matri
1205 1271 1387 1309 ancillam
1419 1285 1440 1309 e
1461 1284 1500 1316 55

1260 1337 1408 1375 Rhodo
1424 1338 1440 1374 ?

109 1401 185 1439 CH.
218 1401 371 1440 adnexi.
433 1403 508 1439 DE.
541 1401 667 1451 quid?
696 1414 741 1439 ea
768 1408 811 1439 ut
836 1401 993 1440 uidetur
1020 1400 1190 1439 mulier?
1247 1401 1324 1440 CH.
1358 1415 1438 1439 non

1159 1466 1302 1515 edepol
1324 1467 1436 1504 mala.

108 1532 183 1568 DE.
216 1538 259 1568 ut
279 1533 496 1570 moratast?
553 1532 629 1570 CH.
663 1531 811 1568 nullam
832 1530 914 1569 uidi
936 1530 1076 1569 melius
1097 1543 1186 1569 mea
1205 1530 1409 1569 sententia.

108 1597 183 1634 DE.
217 1596 314 1634 mihi
344 1596 507 1646 quidem
529 1597 672 1646 edepol
694 1595 814 1634 uisast
836 1609 958 1646 quom
980 1596 1086 1634 illam
1107 1595 1327 1636 uidi-CH.
1360 1598 1437 1635 eho

1058 1675 1109 1700 an
1130 1661 1276 1709 uidisti,
1300 1664 1436 1712 pater?

107 1728 183 1765 DE.
217 1726 310 1766 uidi.
370 1740 508 1765 uerum
530 1740 611 1765 non
633 1740 679 1765 ex
700 1740 772 1765 usu
794 1734 965 1764 nostrost
986 1739 1116 1776 neque
1136 1727 1237 1765 adeo
1258 1727 1396 1776 placet.

19 1798 85 1834 395
106 1792 184 1830 CH.
216 1791 283 1841 qui
304 1794 430 1829 uero?
488 1793 563 1829 DE.
595 1790 871 1843 quia—(quia)
890 1805 970 1830 non
987 1799 1119 1830 nostra
1132 1793 1297 1830 formam
1319 1792 1438 1830 habet
1456 1797 1499 1829 60

1119 1856 1280 1906 dignam
1301 1858 1433 1895 domo.

104 1920 202 1958 nihil
223 1928 339 1970 opust
361 1921 476 1959 nobis
495 1921 639 1959 ancilla
660 1921 733 1959 nisi
755 1934 856 1971 quae
877 1928 993 1967 texat,
1016 1934 1118 1971 quae
1138 1922 1271 1968 molat,

103 1984 253 2034 lignum
275 1986 427 2031 caedat,
448 1998 615 2035 pensum
638 1984 763 2030 faciat,
787 1984 896 2023 aedis
918 1993 1059 2032 uorrat,
1084 1986 1254 2035 uapulet,

103 2050 205 2099 quae
226 2049 369 2087 habeat
389 2048 651 2087 cottidianum
673 2049 843 2087 familiae
864 2057 1021 2087 coctum
1044 2049 1177 2087 cibum
1198 2065 1204 2087 :

103 2115 255 2152 horunc
269 2113 333 2151 illa
346 2112 513 2151 nihilum
528 2113 740 2164 quicquam
757 2115 883 2152 facere
900 2113 1051 2164 poterit.
1101 2114 1178 2153 CH.
1201 2115 1432 2152 admodum.

145 2216 212 2255 380
233 2216 298 2246 iarn
315 2215 375 2248 del.
390 2215 498 2246 Brix:
522 2217 576 2246 vix
592 2216 692 2247 iamn'
713 2217 969 2257 (interrogative)
1097 2217 1160 2255 385
1186 2217 1311 2247 amicus
1334 2217 1433 2253 ‘PCD)

101 2260 151 2290 vel
163 2259 307 2290 amicum
325 2260 440 2299 (genet.
455 2259 544 2300 plur.
559 2260 584 2300 2)
611 2260 667 2300 ’8)
686 2259 751 2290 cod.
810 2258 938 2290 amicus
956 2258 1070 2289 amicis
1097 2265 1281 2300 suspectum
1371 2261 1436 2298 386

101 2303 151 2334 vel
171 2303 331 2334 sciscitari
351 2303 444 2343 (wei)
579 2305 732 2342 390—406
751 2308 859 2343 pauca
885 2304 918 2333 in
941 2313 1095 2333 versuum
1121 2303 1220 2333 initiz's
1242 2305 1381 2334 servavit
1399 2305 1432 2333 A

101 2356 166 2386 390
183 2357 201 2377 e
218 2357 281 2377 om.
301 2345 333 2376 Β
458 2356 522 2386 395
545 2347 623 2386 quia
640 2346 774 2378 addidi:
799 2346 878 2388 (qui
890 2346 923 2388 ἲ)
939 2347 1016 2385 quia
1033 2346 1134 2376 Bothe
1215 2347 1301 2387 non]
1321 2357 1433 2378 noenu

100 2389 224 2420 Rz'tsrltl
354 2391 419 2429 396
441 2400 526 2430 opus
553 2389 592 2424 P,
621 2390 653 2420 A
680 2401 710 2420 n.
731 2390 750 2421 I.
885 2399 949 2429 399
973 2390 1055 2420 nihil
1088 2400 1246 2430 umquam
1278 2389 1318 2430 B,
1348 2390 1434 2422 unde

100 2444 281 2474 numquam
298 2434 475 2475 quicquam
490 2433 607 2475 Lange
