1727 2702
182 104 237 145 11.
257 106 303 144 iii
675 107 720 145 T.
756 107 934 148 MACCI
967 107 1169 147 PLAVTI

257 221 372 258 ΜΕΝ.
405 233 535 270 neque
561 233 635 270 ego
662 219 772 258 illum
800 233 943 259 maneo
969 233 1100 270 neque
1125 219 1240 259 flocci
1266 220 1370 260 facio
1392 234 1533 272 neque,
1554 218 1588 260 si

1423 285 1585 334 uenerit,

256 365 347 389 eum
369 353 462 390 uolo
482 350 698 390 intromitti.
759 353 832 390 ER.
865 359 1016 390 ecastor
1036 353 1142 391 haud
1163 351 1287 390 inuita
1306 353 1445 391 fecero.

199 426 239 457 70
257 417 327 455 sed
348 415 431 454 scin
451 415 547 465 quid
569 423 607 454 te
627 416 772 455 amabo
793 423 835 454 ut
862 415 1010 455 facias?
1086 417 1201 454 ΜΕΝ.
1233 415 1382 467 impera
1407 416 1503 466 quid
1527 415 1587 455 uis
1613 445 1615 449 .

1454 482 1586 521 modo.

258 548 332 585 ER.
364 548 507 597 pallam
535 546 640 585 illam
668 561 787 598 quarn
818 548 970 586 dudum
991 548 1167 594 dederas,
1189 548 1241 586 ad
1268 546 1525 597 phrygionem
1546 553 1589 584 ut
1647 567 1650 573 ι

1423 612 1590 659 deferas,
1652 638 1655 642 -

255 683 298 714 ut
318 676 620 715 reconcinnetur
638 685 759 727 atque
779 684 821 715 ut
841 690 961 727 opera
979 678 1177 715 addantur
1196 690 1298 726 quae
1319 677 1422 715 uolo.
1659 663 1667 674 ’

256 743 371 779 ΜΕΝ.
402 743 533 780 hercle
553 741 621 792 qui
642 749 683 780 tu
704 749 809 780 reete
829 741 952 780 dieis:
982 743 1122 780 eadem
1149 741 1154 792 Ι
1180 741 1436 792 ignorabitur,

255 819 305 844 ne
326 819 421 844 uxor
441 814 654 856 cognoscat
675 813 713 845 te
734 807 889 853 habere,
913 805 945 844 si
967 805 1006 844 in
1028 805 1092 844 uia
1112 805 1369 856 conspexerit.
1700 847 1705 863 ι

199 878 237 911 75
257 871 330 908 ER.
376 883 468 920 ergo
513 884 605 909 mox
645 872 797 910 auferto
842 877 985 918 tecum,
1026 871 1188 920 quando
1232 869 1371 909 abibis.
1469 873 1585 909 ΜΕΝ.
1605 887 1628 921 4
1658 896 1670 915 .,
1691 858 1703 906 ¹.

1393 949 1585 974 maxume.

256 1004 329 1040 ER.
362 1015 497 1040 eamus
519 1001 631 1040 intro.
693 1003 807 1040 ΜΕΝ.
840 1001 917 1039 iam
942 1015 1082 1052 sequar
1109 1008 1158 1040 te.
1216 1001 1323 1040 hiinc
1350 1003 1442 1040 uolo
1468 1001 1586 1050 etiam

1164 1104 1174 1113 Ι
1385 1065 1584 1117 conloqui.
1691 1108 1699 1122 ,⁴

255 1133 331 1171 eho
353 1132 567 1179 Messenio,
596 1131 600 1183 Ι
625 1133 772 1171 accede
788 1133 876 1170 huc.
937 1133 1042 1171 MEs.
1074 1131 1170 1182 quid
1187 1131 1320 1182 negoti
1335 1134 1423 1172 est?
1478 1136 1588 1172 †sus-
1603 1143 1649 1180 43

1455 1196 1574 1238 sciri†

257 1264 370 1300 ΜΕΝ.
404 1263 500 1313 quid
521 1277 569 1301 eo
596 1264 743 1313 opust?
816 1264 921 1301 Msss.
958 1276 1058 1313 opus
1088 1263 1319 1301 θεῖ-ΜΕΝ.
1352 1262 1435 1302 scio
1464 1269 1507 1301 ut
1535 1275 1587 1301 ne

960 1327 1078 1366 dicas.
1140 1329 1247 1366 MES.
1277 1335 1388 1367 tanto
1408 1327 1584 1378 nequior.
1662 1378 1663 1382 Ἰ

257 1395 372 1431 ΜΕΝ.
405 1393 534 1432 habeo
561 1394 771 1443 praedam:
815 1400 967 1431 tantum
1000 1391 1129 1442 incepi
1156 1391 1294 1443 operis.
1355 1391 1367 1430 i
1393 1400 1586 1442 quantum
1606 1403 1650 1438 43
1668 1438 1670 1443 λ
1687 1394 1697 1435 ’ῖ-

1461 1465 1584 1508 potes,
1695 1448 1699 1450 .

196 1533 238 1562 80
255 1524 386 1563 abduc
407 1524 502 1562 istos
522 1523 561 1562 in
583 1524 786 1563 tabernam
806 1530 982 1562 actutum
1004 1522 1283 1562 deuorsoriam.

256 1596 338 1627 turn
361 1588 478 1628 facito
498 1597 589 1627 ante
610 1591 733 1628 solem
755 1602 940 1627 occasum
961 1596 1003 1626 ut
1024 1588 1159 1627 uenias
1179 1590 1393 1628 aduorsurn
1414 1588 1520 1628 mihi.

257 1655 362 1693 Mas.
394 1668 474 1693 non
509 1662 550 1693 tu
585 1654 678 1693 istas
712 1654 934 1693 meretrices
973 1654 1130 1701 nouisti‚
1166 1668 1240 1693 ere.
1330 1656 1445 1693 ΜΕΝ.
1487 1661 1584 1702 tace,

1347 1732 1508 1769 mquam
1566 1733 1584 1754 ιι

256 1784 352 1823 mihi
373 1784 534 1833 dolebit,
556 1798 637 1823 non
658 1784 739 1833 tibi,
762 1785 794 1824 si
815 1784 911 1835 quid
931 1798 1005 1835 ego
1026 1786 1143 1824 stulte
1162 1786 1302 1824 secero.
1648 1693 1684 1899 j

257 1850 395 1888 mulier
407 1851 504 1888 haec
518 1851 636 1888 stulta
649 1858 768 1900 atque
782 1849 922 1888 inscita
934 1857 992 1889 est
1008 1865 1017 1897 ;
1045 1857 1237 1900 quantum
1255 1849 1433 1900 perspexi
1450 1851 1582 1897 modo,
1603 1865 1648 1900 44
1676 1850 1685 1901 f

196 1921 236 1961 85
256 1922 315 1953 est
353 1914 416 1953 hic
455 1915 601 1965 praeda
638 1914 765 1954 nobis.
825 1915 931 1954 Mes.
971 1914 1094 1965 perii!
1133 1914 1265 1954 iamne
1301 1914 1417 1954 abis?
1471 1914 1584 1965 periit
1664 1905 1679 1932 ἶ
1725 1949 1727 1955 .

1438 1979 1585 2030 probe:
1659 1933 1683 2300 ἰ

1657 2307 1682 2354 'L

1660 2365 1673 2419 f

1655 2429 1677 2464 -K

1650 2509 1678 2702 i

299 2094 360 2123 427
379 2089 414 2115 ut
430 2083 503 2124 ops}
516 2095 581 2115 una
598 2094 651 2124 op.
673 2084 715 2123 (3)
731 2083 795 2114 Leo
899 2085 961 2123 428
985 2084 1041 2126 qui
1065 2094 1144 2116 corr.
1167 2084 1248 2124 quin
1267 2083 1333 2115 cod.
1353 2088 1390 2114 ut
1403 2083 1466 2116 vid.
1487 2084 1582 2125 (quin

255 2126 299 2164 B,
316 2127 407 2164 quiin
425 2127 514 2165 PCD)
604 2128 722 2158 eadem
746 2126 830 2170 (ea)
855 2126 983 2158 Ritsclal
1153 2137 1214 2167 431
1241 2137 1367 2167 sequar
1391 2132 1434 2159 te.
1460 2126 1584 2171 (ante)

256 2170 393 2201 Mueller
410 2171 540 2206 (Rhein.
573 2169 662 2202 Mus.
688 2181 739 2210 54,
760 2171 840 2211 393>
952 2180 1058 2210 432-3
1083 2172 1147 2202 huc
1164 2171 1289 2202 accede
1320 2169 1412 2202 Bach
1509 2181 1582 2203 sus·

254 2213 306 2244 sili
339 2214 449 2254 Bothe,
480 2214 562 2253 fort.
596 2217 668 2244 recte
851 2225 913 2254 434
953 2224 993 2244 eo
1020 2214 1182 2254 Pylades:
1207 2224 1272 2254 ego
1303 2213 1368 2246 cod.
1397 2214 1494 2255 (ergo
1521 2214 1582 2253 3³)

255 2267 298 2287 ne
323 2258 415 2288 dicas
439 2258 572 2298 scripsi:
598 2268 650 2288 me
675 2258 769 2289 dicas
791 2257 856 2289 cod.
949 2258 1092 2297 nequior
1106 2257 1298 2289 Acidalius:
1325 2258 1490 2298 nequiore
1513 2257 1579 2290 cod.

255 2300 291 2340 (i.
305 2301 340 2340 9)
495 2311 558 2341 435
585 2302 592 2331 i
613 2302 673 2341 (8ἰῖ
691 2301 872 2332 Gruterus:
897 2306 930 2332 et
947 2301 1013 2332 cod.
1036 2303 1109 2342 (pro
1125 2301 1172 2337 ei)
1334 2306 1447 2342 potest
1463 2300 1582 2333 Dousa

254 2345 320 2383 436
343 2346 390 2376 vcl
402 2345 529 2376 abduce
651 2355 713 2384 437
739 2345 843 2376 solem
870 2343 1080 2379 Lambinus:
1113 2345 1194 2376 solis
1215 2344 1280 2376 cod.
1306 2344 1343 2379 (i.
1361 2347 1397 2386 9)
1517 2345 1582 2384 438

253 2386 375 2430 (atque
394 2389 471 2419 hinc
487 2389 562 2431 abi)
580 2388 707 2419 Ritschl
724 2389 770 2428 rii.
791 2391 827 2427 5)
915 2399 979 2428 439
997 2387 1079 2419 stult
1095 2387 1161 2420 cod.
1180 2391 1274 2426 (corr.
1297 2387 1363 2430 8²)
