1727 2712
645 168 974 205 AVLVLARIA
1403 170 1469 210 IV.
1493 176 1524 205 κ

148 282 279 334 postid
299 282 330 320 si
350 280 533 332 prehensi
554 280 689 328 simus,
709 293 941 319 excusemus
962 281 1091 320 ebrios

61 361 129 397 750
147 363 219 387 nos
240 347 378 386 fecisse
397 346 542 385 amoris
562 359 710 384 caussa.
770 344 877 384 nimi’
898 345 1013 384 uilest
1035 346 1171 385 uinum
1192 353 1311 397 atque
1331 360 1452 393 amor,
1500 359 1540 380 20

147 413 178 452 si
199 412 307 452 ebrio
327 419 447 461 atque
467 411 615 449 amanti
636 410 784 461 inpune
804 411 931 449 facere
952 413 1061 461 quod
1083 412 1216 450 lubeat
1237 411 1336 450 licet.

148 480 218 516 Lv.
250 477 346 528 quin
362 476 432 515 tibi
454 478 556 515 ultro
576 475 840 526 supplicatum
861 475 980 515 uenio
1000 477 1054 514 ob
1074 476 1278 515 stultitiam
1301 490 1441 516 meam.

148 545 247 581 Evc.
279 555 360 581 non
391 540 443 579 mi
477 540 660 580 homines
689 541 847 591 placent
876 540 944 591 qui
978 543 1140 591 quando
1172 543 1275 580 male
1304 543 1479 580 fecerunt

1286 607 1476 657 purigant.

147 680 188 710 tu
209 672 314 710 illam
337 672 464 710 scibas
486 684 567 710 non
587 678 695 709 tuam
716 683 826 709 esse:
856 683 937 709 non
957 678 1143 710 attactam
1166 672 1350 721 oportuit.

59 744 124 781 755
147 738 217 775 Lv.
249 750 341 787 ergo
362 736 454 786 quia
475 749 562 775 sum
584 743 742 786 tangere
763 749 892 783 ausus,
908 737 986 774 hau
1008 737 1214 776 causificor
1234 737 1329 787 quin
1351 751 1438 776 eam
1501 752 1539 782 25

146 814 219 851 ego
235 802 402 839 habeam
420 800 693 851 potissumum.
729 801 826 839 Evc.
850 809 920 839 tun
937 801 1083 840 habeas
1100 815 1163 840 me
1180 801 1306 841 inuito
1322 804 1481 841 meam?
1502 822 1504 824 ·

148 868 216 904 Lv.
250 867 326 904 hau
344 873 382 904 te
398 865 524 904 inuito
540 866 698 915 postulo
714 880 724 913 3
747 866 817 904 sed
835 879 963 904 meam
980 879 1065 905 esse
1078 874 1261 917 oportere
1276 867 1450 905 arbitror.

145 931 242 982 quin
272 939 314 969 tu
344 931 421 969 iarn
451 930 641 977 inuenies,
671 930 844 981 inquam,
875 944 1004 969 meam
1035 931 1141 970 illam
1172 946 1257 970 esse
1287 940 1480 983 oportere,

1328 999 1478 1037 Euclio.

148 1064 244 1100 Evc.
278 1062 351 1100 nisi
381 1063 625 1100 refers—LV.
659 1061 755 1112 quid
786 1062 856 1100 tibi
887 1075 960 1112 ego
992 1064 1185 1102 referam?
1243 1065 1340 1102 Evc.
1372 1066 1481 1114 quod

1082 1129 1312 1179 surrupuisti
1334 1142 1479 1177 meum,

59 1194 130 1237 760
147 1192 223 1230 iam
254 1192 414 1242 quidem
438 1193 568 1230 hercle
595 1199 633 1230 te
662 1193 712 1230 ad
740 1199 960 1242 praetorem
989 1193 1136 1243 rapiam
1162 1201 1199 1231 et
1221 1193 1290 1231 tibi
1312 1194 1480 1233 scribam
1499 1205 1541 1236 30

1337 1259 1479 1298 dicam.

146 1324 217 1362 Lv.
249 1322 428 1372 surrupio
449 1335 522 1372 ego
542 1324 683 1361 tuom?
716 1324 853 1362 unde?
881 1331 948 1361 aut
969 1323 1065 1374 quid
1093 1324 1134 1363 id
1154 1326 1242 1363 est?
1300 1327 1398 1364 Evc.
1430 1326 1482 1364 ita

1063 1398 1101 1428 te
1120 1390 1269 1429 amabit
1292 1391 1480 1442 Iuppiter,

145 1461 187 1492 ut
208 1462 249 1492 tu
270 1453 408 1491 nescis.
469 1455 539 1491 Lv.
573 1453 646 1491 nisi
668 1453 829 1503 quidem
851 1461 893 1492 tu
914 1453 1010 1492 mihi
1027 1454 1124 1505 quid
1145 1468 1309 1505 quaeras
1326 1455 1479 1495 dixeris.

147 1521 245 1558 Evc.
277 1521 406 1558 aulam
436 1519 530 1566 auri,
563 1518 736 1569 inquam,
768 1526 806 1557 te
836 1533 1013 1570 reposco,
1045 1533 1164 1571 quam
1195 1529 1236 1559 tu
1267 1522 1482 1560 confessu's

1386 1588 1481 1626 mihi

146 1658 185 1689 te
204 1650 421 1702 apstulisse.
482 1651 551 1689 Lv.
585 1663 715 1701 neque
731 1651 873 1701 edepol
894 1664 967 1701 ego
983 1651 1061 1691 dixi
1084 1665 1214 1703 neque
1234 1653 1319 1691 feci.
1381 1655 1478 1692 Evc.

1333 1720 1481 1769 negas?
1519 1735 1529 1762 χ

59 1782 125 1826 765
147 1783 217 1820 Lv.
250 1795 421 1832 pernego
450 1781 584 1820 immo.
643 1795 735 1820 nam
766 1794 895 1832 neque
925 1795 998 1832 ego
1031 1796 1169 1821 aurum
1199 1798 1329 1834 neque
1358 1784 1478 1823 istaec
1500 1795 1538 1828 35

1176 1850 1265 1887 aula
1286 1863 1387 1899 quae
1408 1849 1479 1888 siet

146 1912 228 1951 scio
262 1926 335 1951 nec
370 1912 475 1950 noui.
537 1913 634 1950 EVC.
668 1911 786 1959 illam,
818 1926 864 1951 ex
899 1912 1046 1951 Siluani
1082 1915 1172 1952 luco
1202 1928 1321 1964 quarn
1352 1923 1481 1965 apstu-

1234 1982 1343 2027 leras,
1367 1982 1478 2019 cedo.

146 2043 168 2090 i,
191 2044 298 2082 refer.
340 2042 546 2081 dimidiam
568 2049 699 2080 tecum
722 2043 852 2092 potius
874 2051 1024 2094 partem
1046 2044 1236 2083 diuidam.

146 2116 226 2146 tam
247 2108 318 2146 etsi
340 2109 398 2145 fur
419 2107 514 2145 mihi
536 2120 587 2153 eS,
612 2109 800 2145 molestus
822 2122 901 2146 non
923 2122 1000 2147 ero.
1060 2110 1070 2147 i
1094 2124 1197 2156 uero,
1221 2112 1328 2148 refer.

148 2174 217 2211 Lv.
250 2186 366 2211 sanus
388 2180 429 2210 tu
450 2185 530 2210 non
552 2185 592 2210 es
613 2171 680 2221 qui
702 2173 826 2210 furem
848 2187 910 2211 rne
932 2187 1062 2213 uoces.
1122 2189 1195 2226 ego
1217 2183 1264 2221 te,
1290 2176 1440 2223 Euclio,

191 2286 250 2315 751
278 2277 337 2307 liet
361 2286 439 2307 corr.
465 2276 544 2306 licet
570 2274 634 2306 cod.
773 2286 834 2315 753
860 2278 1017 2317 purigant
1045 2279 1192 2310 Ritschl:
1217 2281 1387 2319 purgitant
1412 2262 1476 2313 σοι).

148 2320 202 2360 (cf.
222 2319 295 2350 Cist.
316 2320 380 2358 384
401 2320 578 2359 purgitaus
601 2324 662 2359 pro
685 2320 862 2360 purigans)
1013 2323 1076 2361 758
1101 2323 1164 2353 iarn
1190 2323 1292 2353 Brix:
1317 2334 1391 2354 earn
1410 2324 1476 2355 cod.

149 2364 200 2404 (cfl
219 2374 247 2395 v.
265 2364 326 2403 782
344 2364 408 2394 iam
422 2362 470 2393 PE
479 2368 541 2403 pro
558 2372 630 2392 eam
649 2373 656 2400 ;
680 2362 808 2403 Amph.
828 2366 892 2403 478
908 2365 971 2396 iam
989 2364 1057 2396 DE
1066 2371 1129 2406 pro
1145 2376 1231 2405 eam,
1249 2367 1318 2405 etc.)
1389 2367 1478 2398 illam

148 2417 255 2437 meam
280 2406 383 2437 Bothe
473 2417 546 2445 759⁷
567 2407 631 2445 760
655 2406 781 2436 inverso
805 2407 917 2440 ordine
939 2408 1111 2442 Acidalius
1232 2412 1291 2451 761
1319 2412 1475 2454 surrupui

147 2450 191 2482 PJ
282 2450 383 2480 ambit
400 2449 463 2481 cod.
483 2450 540 2491 (vi.
566 2460 593 2488 1,
612 2459 643 2489 p.
664 2457 739 2489 103)
