1727 2702
1694 0 1703 22 ι

144 97 207 136 ΙΙΙ
243 97 275 137 ss
654 99 701 136 T.
735 97 914 137 MACCI
947 98 1150 136 PLAVTI
1467 121 1470 124 >
1645 0 1718 129 z

202 223 220 254 5
240 219 312 257 pro
331 207 369 246 di
392 206 630 254 inmortales,
654 205 750 244 mihi
771 207 876 245 hunc
897 206 1004 245 diem
1025 204 1189 246 dedistis
1212 207 1454 247 luculentum
1475 210 1484 246 !

240 279 282 310 ut
303 271 455 310 facilem
475 279 595 322 atque
614 271 900 322 impetrabilem
918 275 924 309 !
955 273 1025 311 sed
1046 285 1118 322 ego
1141 271 1233 310 hinc
1254 272 1416 322 migrare
1436 286 1558 320 cesso,

239 344 281 376 ut
302 337 509 387 importem
530 337 570 375 in
590 336 788 376 coloniam
809 338 915 375 hunc
933 335 1060 388 (meo)
1078 337 1255 388 auspicio
1275 346 1551 377 commeatum.

240 402 335 440 mihi
352 415 464 440 cesso
479 415 601 452 quom
614 410 685 440 sto.
732 402 802 440 sed
821 401 919 452 quid
935 403 1041 441 hoc?
1069 409 1161 441 ante
1176 402 1286 441 aedis
1307 404 1408 441 duos
1428 403 1573 442 sodalis

240 481 350 506 erum
380 475 417 506 et
448 467 731 506 Chaeribulum
760 467 978 518 conspicor.
1037 467 1133 518 quid
1167 467 1231 506 hic
1260 467 1401 518 agitis?
1437 469 1572 520 accipe
1590 479 1674 519 345-
1712 503 1721 514 ,

1412 534 1487 572 hoc
1507 534 1569 572 sis.

183 615 224 639 ιο
243 598 304 637 ST.
339 605 530 648 quantum
551 596 614 635 hic
634 596 764 635 inest?
822 598 890 635 ΕΡ.
923 604 1116 648 quantum
1137 605 1195 636 sat
1215 605 1272 636 est
1293 604 1331 636 et
1351 599 1438 648 plus
1458 598 1574 637 satis:

1403 676 1447 701 su
1479 664 1573 702 erfit.

243 729 382 767 decern
405 727 520 765 minis
540 729 628 777 plus
647 726 758 765 attuli
779 739 898 777 quam
920 734 962 765 tu
983 726 1160 766 danistae
1181 728 1314 767 debes.
1451 677 1476 714 p

243 795 339 832 dum
369 792 439 831 tibi
466 806 540 842 ego
568 793 743 842 placeam
770 800 890 842 atque
910 805 1105 842 opsequar
1133 806 1264 831 meum
1290 795 1440 844 tergum
1462 793 1575 833 flocci

1461 859 1572 898 facio.

242 924 305 963 ST.
342 936 433 961 nam
469 922 564 972 quid
599 921 681 960 ita?
748 923 816 960 ΕΡ.
854 921 947 972 quia
984 935 1058 972 ego
1096 930 1206 961 tuom
1246 931 1394 973 patrem
1434 923 1573 962 faciam

1278 988 1570 1039 parenticidam.
1706 1031 1715 1044 ¹·

243 1055 306 1094 S‘r.
338 1054 434 1104 quid
461 1053 560 1092 istuc
587 1061 646 1092 est
673 1053 812 1092 uerbi?
870 1055 938 1092 ΕΡ.
971 1052 1025 1091 nil
1052 1066 1183 1092 moror
1209 1061 1341 1093 uetera
1361 1062 1398 1092 et
1419 1055 1575 1104 uolgata
1592 1064 1660 1103 350
1706 1042 1714 1082 {²

1442 1120 1572 1159 uerba.

187 1203 224 1235 ¹5
249 1189 448 1235 ‘peratum
469 1185 650 1223 ductare'
671 1188 758 1224 †at†
778 1196 852 1233 ego
872 1183 1039 1222 follitum
1061 1184 1276 1223 ductitabo.

247 1264 338 1289 nam
358 1251 449 1289 leno
469 1262 588 1288 omne
607 1257 811 1299 argentum
832 1248 992 1299 apstulit
1013 1262 1083 1299 pro
1104 1249 1262 1288 fidicina
1283 1249 1373 1300 (ego
1393 1250 1546 1297 resolui,

246 1315 428 1354 manibus
443 1315 503 1353 his
516 1314 791 1364 denumeraui)
804 1321 914 1364 pater
926 1327 1037 1352 suam
1055 1321 1187 1353 natam
1203 1327 1321 1364 quam
1336 1328 1420 1354 esse
1433 1315 1574 1365 creditj,

245 1394 351 1419 nunc
371 1380 511 1418 iterum
532 1387 574 1417 ut
594 1380 747 1418 fallatur
767 1386 876 1429 pater
896 1378 1047 1429 tibique
1067 1379 1253 1417 auxilium
1274 1388 1481 1431 apparetur

246 1445 404 1484 inueni:
433 1458 525 1484 nam
547 1444 600 1483 ita
619 1445 722 1483 suasi
743 1444 825 1483 seni
846 1451 965 1494 atque
985 1445 1088 1483 hane
1108 1445 1228 1484 habui
1249 1445 1465 1484 orationem
1595 1454 1670 1495 355·
1704 1491 1705 1494 Ἴ

188 1528 229 1551 20
247 1519 289 1550 ut
310 1524 430 1562 quom
452 1510 632 1549 rediisses
653 1523 703 1548 ne
722 1509 792 1548 tibi
814 1509 912 1548 eiius
933 1510 1048 1561 copia
1068 1517 1178 1549 esset.
1240 1511 1302 1549 ST.
1334 1515 1480 1562 eugae!

248 1578 317 1615 ΕΡ.
349 1590 394 1615 ea
424 1576 500 1614 iam
531 1575 676 1614 domist
703 1588 774 1625 pro
798 1574 886 1613 filia.
946 1575 1008 1614 ST.
1039 1574 1153 1627 (iam)
1171 1583 1298 1614 teneO.
1370 1577 1438 1615 ΕΡ.
1470 1589 1576 1616 nunc

1375 1650 1575 1681 auctorem

244 1707 353 1746 dedit
376 1707 426 1745 mi
447 1708 497 1745 ad
519 1708 621 1745 hane
643 1719 724 1745 rem
747 1706 1005 1757 Apoecidem,
1029 1705 1060 1744 is
1079 1707 1186 1757 apud
1207 1707 1334 1744 sorum
1360 1715 1492 1746 manet
1513 1721 1576 1746 me

245 1772 484 1823 †quasiquae
504 1777 676 1812 amaret†
689 1780 838 1811 caueat.
899 1773 961 1810 ST.
995 1773 1071 1810 hau
1094 1773 1204 1810 male.
1258 1773 1326 1810 ΕΡ.
1359 1771 1435 1810 iam
1461 1772 1466 1823 Ι
1494 1772 1575 1823 ipse

1252 1844 1388 1875 cautor
1407 1846 1570 1888 captust.

289 1953 347 1982 341
376 1943 418 1973 mi
445 1941 528 1983 (ut)
556 1941 693 1973 Skutsch
851 1953 914 1982 343
943 1943 1033 1974 hunc
1059 1953 1134 1973 mco
1156 1941 1303 1982 Pylades,
1333 1941 1448 1972 Goetz:
1481 1941 1571 1972 hunc

245 1987 333 2017 hunc
357 1986 423 2017 cod.
446 1986 548 2024 <hunc
565 1986 624 2017 alt.
647 1985 703 2017 del.
725 1986 781 2023 8³]
931 1997 993 2026 344
1020 1986 1129 2024 duo]
1273 1987 1337 2024 346
1360 1985 1446 2025 vclq.
1468 1989 1571 2016 satest

245 2030 384 2070 superfit
413 2028 645 2061 Camerarius:
679 2031 824 2069 supersit
853 2030 918 2062 cod.
1066 2039 1132 2069 349
1156 2039 1219 2068 ego
1245 2039 1312 2059 om.
1341 2029 1371 2059 B
1509 2037 1567 2067 351

246 2075 384 2105 ductare
404 2073 457 2103 alii
476 2072 615 2103 Redslob
633 2072 733 2113 (Berl.
753 2073 837 2105 Pln‘l.
863 2072 970 2104 Woch.
989 2083 1041 2108 22.
1061 2083 1119 2113 551
1132 2076 1141 2108 ‘J
1164 2085 1170 2104 ε
1195 2073 1374 2103 ductarent
1401 2070 1487 2102 Lvo:
1513 2072 1571 2102 du-

246 2118 362 2148 ctitare
389 2116 483 2146 Goet:
500 2129 506 2147 :
521 2117 600 2156 sart.
628 2118 766 2148 ductare
791 2121 922 2149 autem!
951 2118 999 2156 (at
1019 2122 1081 2157 pro
1105 2120 1146 2151 fit.
1166 2117 1184 2148 i.
1199 2127 1222 2148 e.
1241 2117 1368 2148 antemi
1510 2124 1572 2154 353

248 2161 399 2191 manibus
416 2161 468 2191 lils
485 2165 666 2202 suspectum
758 2162 834 2192 den.
865 2162 916 2192 his
933 2162 972 2201 (²)
1004 2161 1067 2191 Leo
1199 2170 1262 2199 355
1288 2159 1401 2190 inueni
1429 2169 1504 2188 nam
1531 2158 1570 2188 R.

249 2203 401 2235 Mueller:
426 2206 595 2236 inueniam
613 2204 679 2236 cod.
792 2215 854 2243 357
881 2214 942 2245 pro
961 2204 1026 2235 filia
1051 2203 1243 2234 Acidalius:
1265 2214 1290 2242 p
1317 2204 1350 2241 μ’.
1365 2213 1392 2232 e.
1419 2203 1491 2241 prol
1510 2201 1572 2231 elia

249 2253 283 2277 ul
295 2248 355 2279 m'd.
369 2248 432 2280 cod.
465 2249 490 2279 F.
505 2255 564 2288 pro
577 2249 613 2278 Fi
630 2251 704 2288 (pro
723 2249 777 2279 illa
791 2248 848 2278 Bu
932 2282 936 2286 ⁵
957 2248 1019 2277 inm
1033 2246 1110 2277 add.
1126 2246 1210 2276 Bria·
1307 2250 1477 2276 cautorem
1497 2244 1570 2276 ltal.

249 2302 312 2329 350
335 2293 429 2331 quasi
454 2293 510 2331 qui
536 2303 553 2322 n
578 2302 630 2322 mc
650 2302 675 2322 c.
700 2291 871 2321 Buecheler
954 2291 974 2321 i.
992 2290 1066 2331 (is)
1084 2291 1155 2329 ipse
1175 2289 1288 2321 Gocez:
1315 2288 1395 2332 (et)
1412 2289 1475 2318 iam
1501 2288 1573 2330 ipse

251 2334 406 2367 Redslob:
423 2335 504 2374 sort.
525 2335 634 2366 iamne
654 2336 719 2365 212e.
740 2337 747 2350 ⁴
761 2344 874 2365 nonne
890 2334 954 2364 iam
970 2334 992 2373 ⁹)
1011 2333 1083 2374 ipse
