1727 2702
91 104 144 142 11.
173 103 215 141 vi
595 105 641 143 T.
676 105 856 143 MACCI
890 105 1093 142 PLAVTI

110 221 151 255 55
173 212 244 254 CL.
276 213 343 252 seri
373 215 527 259 malam,
557 221 598 252 ut
626 213 700 261 ille,
723 227 867 252 rusum.
927 214 1001 253 OL.
1034 214 1153 264 perii!
1184 214 1324 265 pugnis
1344 215 1498 262 caedor,

1313 280 1497 332 Iuppiter.

169 343 242 384 Lv.
272 343 368 395 quid
397 344 466 382 tibi
492 344 611 384 tactio
635 346 741 383 hunc
767 345 868 383 fuit?
925 345 1002 385 CH.
1035 345 1127 395 quia
1148 344 1257 384 iussit
1278 347 1375 384 haec
1398 347 1501 385 Iuno

1399 424 1496 449 mea„

169 473 240 513 Lv.
271 473 507 524 patiundum
533 481 605 522 est,
625 473 821 524 siquidem
849 487 912 513 me
933 474 1028 514 uiuo
1055 488 1143 513 mea
1168 488 1264 514 uxor
1291 475 1499 526 imperium

1327 539 1496 579 exhibet.

167 604 239 644 CL.
270 611 350 643 tam
371 605 463 643 huie
483 604 592 655 loqui
612 604 728 644 licere
743 612 897 655 oportet
917 618 1036 656 quam
1054 605 1126 644 isti.
1186 606 1260 644 01..
1293 618 1364 655 qur
1379 617 1498 644 omen
1516 615 1587 650 410

1404 669 1498 708 mihi

168 734 393 786 uituperat?
450 736 518 774 Lv.
552 737 668 782 malo,
692 735 869 782 Chaline,
893 736 963 774 tibi
984 737 1209 775 cauendum
1234 748 1388 774 censeo.

105 801 150 836 60
169 799 246 839 CH.
279 799 457 850 temperi,
473 807 683 850 postquam
704 808 974 851 oppugnatum
995 808 1053 839 est
1073 814 1128 839 os.
1189 802 1258 839 ΙΝ.
1289 814 1371 851 age,
1390 813 1496 848 uxor,

1312 865 1496 904 nunciam

167 929 273 968 sorti.
323 943 395 968 uos
414 929 611 968 aduortite
631 930 818 968 animum.
870 944 962 980 prae
983 938 1091 969 metu
1113 930 1180 969 ubi
1201 930 1274 969 sim
1296 930 1440 969 neseio.

167 995 287 1046 perii!
323 1009 390 1034 cor
410 995 617 1043 lienosum,
640 995 790 1046 opinor,
814 997 954 1044 habeo,
977 995 1054 1034 iam
1076 997 1228 1035 dudum
1250 996 1350 1044 salit,

166 1060 218 1100 de
246 1061 379 1100 labore
413 1068 551 1112 pectus
585 1061 726 1099 tundit.
795 1062 866 1101 CL.
916 1069 1032 1101 teneo
1066 1069 1221 1101 sortem.
1292 1063 1360 1100 Lv.
1395 1062 1499 1100 ecfer
1517 1072 1583 1110 415

1384 1129 1495 1166 foras.

166 1191 244 1232 CH.
277 1192 408 1230 iamne
429 1193 646 1230 mortuo’s?
694 1192 767 1231 OL.
801 1194 976 1232 ostende.
1039 1206 1126 1232 mea
1145 1192 1279 1246 (haec)
1297 1201 1366 1232 est.
1417 1194 1494 1233 Cu.

986 1260 1088 1296 mala
1108 1271 1200 1296 crux
1220 1266 1302 1297 east
1322 1258 1493 1308 quidem.

103 1323 147 1367 ⁶5
169 1323 239 1362 CL.
272 1322 399 1361 uictus
419 1334 472 1369 es,
491 1321 669 1361 Chaline.
731 1323 800 1360 Lv.
833 1335 955 1372 quom
976 1336 1048 1361 nos
1069 1323 1109 1362 di
1130 1323 1274 1371 iuuere,
1297 1322 1496 1373 Olympio,

165 1388 331 1437 gaudeo.
391 1387 464 1425 OL.
497 1386 643 1436 pietate
664 1387 809 1425 sactum
827 1395 884 1425 est
907 1401 993 1425 mea
1008 1395 1127 1438 atque
1144 1388 1335 1426 maiorum
1353 1401 1496 1426 meum.

166 1452 234 1490 Lv.
267 1452 369 1490 intro
406 1451 482 1499 abi,
524 1464 630 1499 uxor,
670 1459 789 1501 atque
827 1453 977 1490 adorna
1015 1452 1181 1502 nuptias.
1255 1453 1324 1491 CL.
1358 1452 1496 1490 faciam

1308 1524 1350 1556 ut
1371 1517 1493 1555 iubes.

164 1583 233 1621 Lv.
266 1582 348 1621 scin
389 1590 430 1620 tu
470 1595 533 1620 rus
573 1582 665 1621 hinc
704 1596 789 1622 esse
827 1584 878 1621 ad
918 1583 1050 1622 uillam
1085 1585 1200 1634 longe
1235 1596 1315 1634 quo
1349 1583 1585 1626 ducatP420

1298 1648 1368 1687 CL.
1401 1646 1493 1685 scio.

163 1714 232 1752 Lv.
267 1712 369 1752 intro
395 1713 459 1752 abi
488 1720 536 1761 et,
570 1726 812 1764 quamquam
842 1715 918 1752 hoe
947 1714 1016 1753 tibi
1044 1727 1157 1764 aegre
1187 1721 1256 1761 est,
1280 1721 1411 1751 tamen
1436 1713 1496 1750 sac

1006 1793 1176 1818 accures,
1237 1780 1306 1819 CL.
1339 1778 1497 1817 licet.—

102 1857 145 1890 70
165 1845 234 1882 Lv.
267 1856 402 1882 eamus
430 1857 502 1882 nos
523 1858 683 1896 quoque
706 1845 819 1892 intro,
844 1847 1044 1884 hortemur
1071 1853 1112 1883 ut
1140 1852 1358 1895 properent.
1418 1843 1493 1882 OL.

1067 1909 1260 1960 numquid
1284 1922 1412 1947 moror
1424 1910 1495 1946 Ρ-

164 1974 233 2011 Lv.
266 1987 356 2012 narn
380 1983 584 2025 praesente
606 1977 682 2013 hoc
703 1978 813 2026 plura
835 1976 954 2014 uerba
973 1974 1092 2028 (fieri)
1111 1989 1190 2013 non
1219 1974 1467 2013 desidero.—

204 2087 269 2116 4¹0
303 2076 391 2117 loqui
421 2077 522 2109 Ital.:
557 2078 644 2118 loqui
674 2079 764 2120 [qui]
791 2079 855 2110 cod.
1002 2089 1065 2116 ⁴¹2
1091 2079 1244 2109 nunciam
1274 2077 1494 2115 Caum-atius,

161 2120 310 2162 Bentley:
339 2121 448 2162 [mea]
477 2122 538 2152 iam
567 2132 655 2152 nunc
679 2122 743 2153 cod.
880 2132 944 2162 413
971 2132 1051 2162 prae
1074 2127 1163 2152 metu
1184 2121 1343 2152 Piston's:
1370 2121 1493 2160 praebe

160 2169 194 2195 tu
211 2163 275 2196 cod.
413 2174 474 2204 4¹4
500 2165 549 2196 vel
565 2166 669 2205 opino
762 2165 824 2196 iam
842 2165 981 2206 Pylades
996 2178 1003 2196 :
1029 2167 1092 2196 iarn
1114 2164 1214 2207 [iam]
1233 2164 1298 2195 cod.
1428 2165 1494 2203 416

160 2207 242 2238 haec
259 2207 334 2239 add.
352 2207 488 2249 Geppert
557 2219 640 2239 crux
658 2219 697 2239 ca
715 2214 765 2239 cst
785 2209 997 2239 Caum-arius
1012 2222 1018 2240 :
1043 2209 1174 2240 crucias
1190 2208 1256 2238 cod.
1370 2217 1432 2246 417
1458 2208 1491 2238 di

161 2252 276 2282 iuuere
293 2249 452 2292 Spengel:
481 2252 538 2282 diu
557 2252 673 2282 uiuere
690 2252 754 2282 cod.
776 2254 820 2285 (v.
841 2254 893 2289 12)
1004 2253 1068 2291 418
1092 2252 1142 2282 vel
1155 2262 1192 2283 ac
1260 2262 1323 2282 ina.
1341 2261 1490 2281 meorum

158 2294 224 2325 cod.
315 2305 380 2333 420
405 2305 461 2326 rus
479 2296 558 2326 hinc
577 2293 716 2335 Langrn
733 2307 740 2326 ε
766 2297 832 2326 ruri
851 2295 914 2327 cod.
930 2297 986 2327 (vi.
1003 2297 1033 2335 1)
1134 2305 1197 2335 423
1214 2294 1293 2334 sort.
1315 2294 1376 2325 hoc
1395 2304 1488 2335 prae-

160 2343 267 2378 sente,
278 2339 411 2379 faven!e
428 2337 651 2369 alls‘tteratione
742 2339 813 2369 fieri
836 2338 910 2370 add.
933 2339 1144 2370 Camerarius
