1727 2702
152 120 205 159 11.
227 121 271 157 iii
650 122 695 160 T.
730 122 909 161 MACCI
944 121 1146 160 PLAVTI

228 230 308 268 HE.
341 244 432 279 ergo
453 246 573 283 quom
596 240 758 283 optume
779 232 915 279 fecisti,
938 246 1044 271 nunc
1064 233 1176 271 adest
1195 232 1352 271 occasio

226 295 328 334 bene
349 297 451 336 facta
469 299 682 344 cumulare,
706 306 746 336 ut
767 311 856 347 erga
877 299 983 336 hunc
1003 311 1083 336 rem
1105 311 1214 346 geras
1235 297 1409 335 fideliter.

162 366 204 408 65
226 361 396 399 PfflLoc.
443 361 556 412 magi’
587 376 667 401 non
698 363 844 400 factum
879 375 1040 413 possum
1076 363 1177 400 uelle
1201 374 1318 411 quam
1349 374 1468 412 opera
1496 374 1555 399 ex·
1574 372 1641 410 425

1207 425 1331 477 periar
1351 425 1531 477 persequi
1548 441 1557 474 5

223 488 263 529 id
284 497 326 528 ut
346 490 457 538 scias,
483 493 621 530 Iouem
643 505 870 542 supremum
893 499 1032 530 testem
1054 492 1187 539 laudo,
1213 490 1218 542 Ι
1245 490 1387 541 Hegio,

223 568 286 594 me
307 554 507 595 infidelem
525 571 606 595 non
623 558 794 596 futurum
815 557 1035 596 Philocrati.
1089 559 1171 595 HE.
1202 557 1348 607 probus
1364 569 1404 594 es
1421 557 1553 595 homo.

224 621 394 659 PfflLoc.
427 635 500 660 nec
518 636 580 661 me
596 635 709 662 secus
730 636 919 673 umquam
936 621 971 661 ei
993 624 1185 661 facturum
1207 621 1418 672 quicquam
1436 635 1554 671 quam

1281 694 1426 725 memet
1447 685 1555 724 mihi.

222 750 295 788 Τγ.
328 749 448 789 istaec
469 750 575 790 dicta
596 759 633 791 te
654 751 817 802 experiri
837 753 876 790 et
896 764 1016 802 opera
1035 758 1073 790 et
1093 749 1204 790 factis
1225 751 1317 790 uolo
1332 765 1341 798 ;

162 828 202 862 70
223 821 272 860 et,
291 828 370 864 quo
392 815 512 854 minu'
533 815 613 854 dixi
634 830 753 867 quam
775 816 883 855 uolui
904 817 955 855 de
976 824 1024 864 te,
1047 815 1224 855 animum
1244 816 1428 855 aduortas
1448 817 1555 863 uolo,
1573 830 1643 864 430

221 886 340 928 atque
360 880 511 919 horunc
532 882 743 920 uerborum
765 895 903 920 caussa
922 894 1020 920 caue
1040 888 1082 920 tu
1103 880 1156 919 mi
1177 880 1295 920 iratus
1317 882 1400 919 fuas
1415 895 1424 928 3

223 945 303 990 sed,
327 951 364 982 te
384 958 542 995 quaeso,
566 945 737 997 cogitato
758 946 850 985 hinc
870 960 959 985 mea
979 947 1057 986 fide
1079 945 1178 984 mitti
1199 947 1363 984 domum

222 1015 260 1046 te
292 1017 566 1057 aestumatum,
604 1018 642 1049 et
676 1012 804 1050 meam
838 1024 923 1050 esse
957 1010 1079 1049 uitam
1115 1010 1178 1049 hic
1211 1023 1282 1061 pro
1316 1019 1353 1050 te
1387 1010 1554 1061 positam

1393 1076 1557 1126 pignori,

221 1152 271 1177 ne
293 1146 333 1178 tu
363 1154 424 1179 me
447 1140 612 1190 ignores,
636 1155 757 1192 quom
785 1144 983 1193 extemplo
1011 1155 1100 1182 meo
1121 1156 1142 1182 e
1163 1149 1378 1193 conspectu
1405 1155 1556 1192 apsces-

1446 1206 1550 1254 seris,

159 1280 199 1316 75
221 1282 341 1319 quom
366 1284 428 1309 me
449 1284 605 1310 seruom
628 1271 667 1310 in
688 1272 874 1312 seruitute
895 1287 966 1323 pro
987 1274 1053 1312 ted
1075 1273 1138 1312 hie
1159 1273 1359 1324 reliqueris
1571 1280 1637 1316 435

221 1341 342 1384 tuque
364 1343 400 1373 te
423 1349 492 1385 pro
512 1336 636 1375 libero
657 1351 742 1376 esse
763 1339 896 1385 ducas,
921 1338 1061 1389 pigrius
1081 1340 1238 1377 deseras

220 1413 348 1450 neque
378 1402 447 1439 des
482 1415 641 1452 operam
676 1416 747 1453 pro
782 1416 844 1441 me
878 1411 919 1441 ut
954 1403 1069 1442 huius
1105 1404 1181 1442 huc
1215 1404 1399 1443 reducem
1435 1402 1552 1441 facias

1404 1467 1526 1506 filium
1544 1482 1552 1515 ;

222 1530 320 1569 scito
341 1538 378 1569 te
399 1530 491 1570 hinc
512 1531 628 1570 minis
649 1531 786 1582 uiginti
807 1532 1070 1572 aestumatum
1093 1533 1245 1573 mittier.

221 1597 281 1634 sac
302 1596 416 1634 fidele
437 1596 487 1634 sis
510 1596 644 1644 fidelis,
668 1611 766 1637 caue
787 1599 906 1638 fidem
928 1600 1071 1638 fluxam
1091 1612 1224 1649 geras:

157 1666 199 1697 80
220 1673 310 1698 nam
333 1668 450 1710 pater,
474 1661 566 1708 scio,
590 1661 703 1701 faciet
724 1676 825 1713 quae
846 1663 954 1702 illum
976 1664 1102 1702 facere
1123 1671 1276 1714 oportet
1297 1663 1453 1706 omnia;
1569 1671 1639 1704 440

219 1739 331 1764 serua
357 1726 426 1765 tibi
454 1726 493 1764 in
518 1735 749 1778 perpetuom
775 1728 947 1767 amicum
975 1728 1049 1776 me,
1070 1736 1189 1779 atque
1216 1730 1320 1767 hunc
1345 1728 1550 1767 inuentum

1405 1792 1548 1832 inueni.

220 1857 316 1894 haec
338 1869 404 1906 per
424 1858 623 1896 dexteram
646 1866 753 1897 tuam
776 1866 813 1897 te
834 1860 993 1898 dextera
1013 1858 1183 1898 retinens
1205 1873 1323 1898 manu

219 1933 394 1970 opsecro,
418 1921 612 1961 infidelior
634 1923 728 1961 mihi
751 1938 800 1962 ne
822 1925 905 1962 fuas
925 1937 1043 1974 quam
1066 1938 1138 1974 ego
1159 1938 1243 1962 sum
1267 1923 1347 1962 tibi.

220 1994 259 2023 tu
282 1987 357 2024 hoc
376 2000 457 2036 age.
491 1996 531 2026 tu
554 1988 650 2026 mihi
670 2003 758 2027 erus
778 2002 885 2028 nunc
905 2002 958 2036 es,
980 1996 1021 2028 tu
1043 1997 1239 2039 patronus,
1263 1996 1303 2027 tu
1325 1996 1443 2038 pater,

158 2057 198 2095 85
219 2050 287 2089 tibi
322 2054 563 2092 commendo
598 2067 686 2104 spes
721 2067 896 2105 opesque
931 2067 1048 2093 meas.
1108 2056 1277 2093 PmLoc.
1311 2054 1547 2093 mandauisti
1564 2061 1630 2098 445

1442 2126 1545 2158 satis.

259 2229 321 2258 425
345 2219 500 2258 velmage
577 2220 640 2258 426
664 2219 763 2251 laudo
781 2220 1055 2252 testasurlvonms
1071 2230 1133 2261 335
1151 2232 1157 2252 :
1174 2221 1216 2251 do
1227 2220 1292 2253 cod.
1342 2231 1405 2261 me,
1423 2221 1544 2263 Hegio,

219 2260 445 2302 infidele-1110)
464 2261 529 2293 Leo
647 2273 706 2303 431
734 2274 816 2295 caue
834 2269 868 2295 tu
887 2264 1017 2304 Bentley
1032 2276 1038 2295 :
1063 2269 1185 2296 caueto
1202 2265 1279 2295 cod..
1297 2265 1354 2295 sed
1365 2267 1544 2297 caueto—mi

216 2305 448 2344 vna-serendum
519 2316 582 2346 432
601 2317 673 2337 mea
687 2307 914 2339 Camerarius:
931 2308 999 2350 [te]
1019 2319 1092 2339 mea
1105 2308 1168 2339 cod.
1181 2308 1239 2346 (iv.
1256 2309 1292 2344 2)
1369 2319 1430 2348 437
1449 2309 1547 2340 huius

216 2348 280 2379 huc
292 2349 422 2388 scripsr':
450 2351 548 2381 huius
559 2351 657 2381 huius
669 2350 737 2381 cod.
756 2351 872 2383 (liuius
886 2352 985 2382 semel
998 2351 1059 2386 ΡΠ
1147 2353 1210 2391 438
1233 2352 1299 2383 secl.
1312 2351 1396 2382 Brt'x
1483 2363 1547 2391 439

215 2392 324 2422 fidelis
349 2393 393 2422 sis
419 2393 507 2423 fideli
537 2394 600 2424 cod.
752 2393 884 2424 Nonius
909 2403 972 2433 512
996 2398 1132 2425 testalm·
1150 2395 1250 2426 fidele
1277 2397 1357 2435 ‘pro
1385 2395 1545 2426 fidelitcr'

215 2435 300 2466 seras
320 2436 408 2466 codd.
426 2435 527 2466 Nonii
655 2449 716 2476 ⁴44
744 2448 831 2469 nunc
849 2447 926 2469 erus
945 2438 1158 2469 Camerarius
