1727 2702
99 108 177 146 ΙΙΙ.

121 365 178 397 ¹05

122 756 182 779 110

126 1274 182 1306 115

127 1729 185 1751 120

198 108 243 145 iii
621 107 668 145 T.
701 106 882 146 MACCI
915 106 1117 144 PLAVTI

202 220 261 257 L1.
294 219 356 257 dic
380 218 492 267 igitur
514 218 604 256 med
625 217 874 263 aneticulam,
897 216 1123 255 columbam
1145 217 1208 255 uel
1229 217 1424 264 catellum,

200 283 466 327 hirundinem,
489 284 745 329 monerulam,
768 283 1035 332 passerculum
1057 280 1252 331 putilluni‚

200 351 259 387 fac
281 356 574 399 proserpentem
598 347 763 386 bestiam
786 360 859 395 me,
878 345 1077 397 duplicem
1096 353 1136 384 ut
1158 345 1325 384 habeam
1343 345 1528 395 linguam,
1549 349 1615 394 695

199 414 400 453 circumda
420 422 599 463 torquem
621 412 824 459 bracchiis,
848 426 980 451 meum
1002 413 1147 450 collum
1168 411 1456 462 circumplecte.

200 481 304 516 ARG.
338 486 401 515 ten
424 479 719 528 complectatur,
738 477 952 515 carnufex?
1000 478 1059 514 L1.
1092 489 1210 526 quam
1233 489 1327 514 uero
1347 475 1531 525 indignus

1366 541 1503 579 uideor
1516 543 1532 579 ?

200 623 250 649 ne
272 610 370 649 istuc
392 608 633 659 nequiquam
654 607 796 646 dixeris
817 607 856 646 in
879 621 941 646 me
963 615 1041 645 tam
1063 606 1269 657 indignum
1291 606 1453 653 dictum,

200 677 321 714 uehes
343 676 406 725 pol
429 675 548 713 hodie
570 688 643 721 me,
667 674 698 712 si
719 673 881 724 quidem
903 674 979 711 hoc
999 679 1203 722 argentum
1224 674 1320 711 ferre
1341 685 1482 722 speres.

201 743 305 778 Arm.
339 748 402 778 ten
433 753 507 790 ego
537 741 710 778 ueham?
767 740 826 777 L1.
859 745 930 777 tun
957 739 1033 776 hoc
1063 739 1161 776 feras
1180 736 1309 790 (hinc)
1326 744 1530 787 argentum
1550 747 1620 782 700

1267 802 1378 841 aliter
1396 815 1419 840 a
1440 803 1533 840 me?

201 872 307 909 ARG.
339 869 433 920 perii
473 871 613 908 hercle.
674 869 705 908 si
745 882 881 908 uerum
921 867 1082 918 quidem
1122 875 1160 906 et
1199 868 1386 906 decorum
1421 879 1530 904 erum

1198 932 1342 971 uehere
1362 945 1529 978 seruom,

202 1001 401 1040 inscende.
463 1002 521 1039 Li.
555 1001 610 1040 sic
630 1000 716 1039 istic
737 1001 865 1039 solent
886 999 1044 1049 superbi
1065 998 1304 1037 subdomari.

201 1074 283 1104 asta
306 1066 428 1116 igitur,
453 1074 494 1104 ut
515 1074 728 1104 consuetus
749 1079 790 1103 es
812 1078 908 1115 puer
929 1064 1033 1103 olim.
1093 1063 1175 1101 scin
1198 1071 1238 1101 ut
1260 1062 1421 1101 dicam?

202 1144 263 1169 em
296 1131 360 1169 sic.
425 1130 500 1177 abi,
528 1132 658 1176 laudo,
700 1143 773 1169 nec
817 1138 854 1168 te
895 1142 999 1180 equo
1035 1128 1157 1178 magis
1189 1135 1246 1166 est
1281 1141 1404 1178 equos
1431 1129 1533 1167 ullus

1362 1192 1529 1243 sapiens.

204 1264 307 1299 Aac.
341 1261 528 1299 inscende
555 1268 744 1298 actutum.
804 1261 863 1298 L1.
896 1272 969 1309 ego
999 1261 1137 1298 fecero.
1198 1260 1288 1297 hem
1314 1258 1410 1308 quid
1434 1258 1533 1297 istuc
1553 1270 1618 1308 705

1114 1326 1202 1363 est?
1231 1332 1271 1361 ut
1294 1331 1333 1361 tu
1356 1323 1535 1362 incedis?

204 1392 360 1430 demam
383 1392 513 1429 hercle
534 1390 610 1428 iam
633 1391 683 1429 de
710 1388 714 1442 Ι
741 1391 903 1437 hordeo,
926 1390 1080 1428 tolutim
1103 1389 1141 1427 ni
1162 1388 1331 1427 badizas.

205 1458 308 1494 Arm.
340 1457 495 1502 amabo,
529 1455 691 1503 Libane,
728 1455 804 1493 iam
840 1463 897 1494 sat
932 1464 999 1494 est.
1061 1456 1120 1493 Li.
1153 1467 1369 1504 numquam
1405 1454 1535 1491 hercle

1204 1518 1323 1557 hodie
1344 1518 1531 1556 exorabis.

206 1600 296 1624 nam
318 1586 394 1625 iam
415 1586 554 1625 calcari
576 1586 836 1636 quadrupedo
856 1585 1013 1636 agitabo
1033 1586 1245 1623 aduorsum
1268 1583 1426 1630 cliuom,

207 1652 385 1701 postidea
405 1653 454 1690 ad
478 1652 642 1701 pistores
663 1651 779 1697 dabo,
803 1658 845 1689 ut
868 1650 921 1689 ibi
942 1650 1114 1689 cruciere
1135 1662 1304 1687 currens.

204 1724 287 1754 asta
322 1724 362 1754 ut
396 1717 637 1755 descendam
677 1715 861 1754 nunciam
898 1715 937 1753 in
977 1714 1151 1764 procliui,
1192 1726 1433 1764 quamquam
1473 1726 1536 1752 ne·
1555 1726 1624 1762 710

1340 1792 1459 1828 quam
1481 1792 1532 1817 es.

206 1849 310 1884 ARG.
343 1846 439 1896 quid
474 1859 589 1891 nunc,
625 1846 799 1884 amabo?
845 1844 1045 1895 quoniam,
1082 1851 1123 1882 ut
1162 1852 1219 1882 est
1252 1843 1431 1889 lubitum,
1464 1857 1536 1881 nos

1325 1908 1533 1955 delusistis,

249 2017 312 2054 693
337 2014 571 2055 columbulam,
601 2014 757 2045 catellum
783 2013 914 2052 Bentley
1031 2013 1093 2052 694
1121 2012 1332 2043 monedulam
1359 2023 1427 2042 var.
1456 2012 1474 2043 I.
1502 2012 1536 2042 1'n

207 2059 269 2089 cod.
379 2058 532 2097 putillum
562 2058 791 2097 passerculum
819 2057 883 2087 cod.
903 2069 908 2087 :
941 2067 1018 2088 corr.
1041 2056 1186 2095 Scahgrcr
1208 2056 1258 2094 (cſs
1282 2055 1383 2086 class.
1405 2054 1482 2086 Rev.
1502 2056 1533 2091 6,

206 2103 264 2140 87)
396 2104 460 2140 695
486 2106 712 2141 proserpente
729 2100 795 2131 cod.
821 2102 917 2139 (K-tem
939 2100 1007 2139 PE)
1097 2100 1237 2130 bestiam
1259 2099 1444 2138 cduplicem
1467 2098 1532 2129 cod.

205 2146 270 2184 696
294 2146 585 2184 circumdatorque
611 2155 663 2174 me
687 2144 751 2174 cod.
772 2156 776 2173 :
805 2155 880 2174 carr.
906 2143 1013 2174 Have!
1143 2144 1206 2182 698
1231 2148 1295 2173 tam
1318 2143 1384 2172 ind.
1405 2143 1482 2172 dict.
1503 2143 1535 2172 in

207 2199 258 2218 mc
274 2200 307 2218 co
320 2189 337 2220 l.
359 2201 365 2219 z
390 2191 463 2220 lrm'.
484 2189 587 2219 Bothe
721 2189 787 2226 699
813 2197 864 2217 me
883 2188 983 2217 hodie
1003 2186 1138 2217 Gm'etus
1273 2196 1337 2224 700
1361 2186 1438 2216 hinc
1456 2184 1534 2215 add.

208 2232 420 2263 Cama-arius
519 2242 575 2271 701
607 2231 720 2261 hercle
743 2241 824 2261 uero
840 2242 846 2267 ;
871 2231 897 2260 si
915 2231 1083 2269 quidemst
1099 2229 1204 2262 Gom,
1221 2228 1331 2259 Loewe
1398 2234 1430 2258 et
1451 2228 1512 2258 Leo
1530 2240 1536 2259 ε

207 2281 257 2306 est
278 2276 342 2306 cml.
439 2287 500 2314 70²
528 2276 610 2305 istuc
627 2274 694 2306 cml.
715 2287 721 2305 :
750 2274 800 2304 isti
820 2273 1007 2304 Lambinus
1026 2285 1031 2303 :
1050 2274 1127 2312 fort.
1152 2273 1203 2303 isti
1222 2273 1274 2302 hic
1377 2283 1437 2311 704
1454 2273 1537 2311 sort.

209 2319 320 2349 nullus
451 2330 513 2358 709
539 2318 693 2358 postidea
712 2317 837 2347 Parcus
852 2329 858 2348 ε
884 2322 1001 2356 postea
1018 2317 1087 2347 cod.
1105 2317 1140 2357 (i.
1158 2317 1193 2357 7)
1294 2325 1349 2355 7¹¹
1380 2317 1536 2355 quoniam

207 2363 326 2394 amabo
343 2361 408 2393 cod.
427 2374 432 2392 :
460 2363 531 2393 (rai.
551 2362 615 2392 Leo
