1727 2712
592 110 950 150 MENAECHMI

623 327 861 377 ACTVS
912 328 932 374 I

608 463 931 499 PEN1CVLvs

107 544 175 581 PE.
209 543 402 581 quentus
422 556 569 582 nomen
595 542 685 582 fecit
707 542 897 581 Peniculo
917 541 1026 591 mihi,

106 607 197 645 ideo
217 608 310 658 quia
330 621 508 646 mensam
529 609 690 658 quando
711 610 788 647 edo
808 609 1004 658 detergeo,

105 672 287 711 homines
308 672 487 723 captiuos
509 673 575 723 qui
596 673 745 712 catenis
765 673 946 712 uinciunt

44 742 88 776 80
105 745 143 777 et
164 738 232 788 qui
252 737 423 788 fugitiuis
445 738 566 777 seruis
587 738 730 777 indunt
751 739 967 790 compedis,

105 804 212 842 nimi’
233 805 349 842 stulte
370 804 517 842 faciunt
538 818 626 842 mea
647 805 808 854 quidem
830 804 1034 843 sententia.

105 883 197 908 nam
218 869 370 908 homini
391 868 533 907 misero
554 868 585 907 si
605 870 657 907 ad
677 871 825 907 malum
844 868 999 907 accedit
1020 869 1179 917 malurn,

105 934 228 973 maior
247 934 385 973 lubido
405 942 464 973 est
483 935 616 984 fugere
636 941 674 972 et
694 935 821 973 facere
840 933 1031 985 nequiter.

104 1013 196 1038 nam
217 1013 258 1039 se
277 1013 324 1039 ex
344 999 492 1039 catenis
513 998 691 1038 eximunt
709 999 842 1050 aliquo
863 1001 996 1038 modo.

42 1072 82 1115 85
104 1073 188 1104 tum
209 1065 423 1116 compediti
443 1065 479 1104 ei
500 1078 620 1103 anum
642 1064 735 1103 lima
755 1072 979 1115 praeterunt

103 1139 171 1170 aut
190 1131 321 1182 lapide
341 1130 544 1169 excutiunt
564 1132 732 1169 clauom.
791 1143 919 1180 nugae
939 1138 1030 1169 sunt
1049 1143 1131 1170 eae.

104 1210 223 1247 quem
244 1204 286 1234 tu
306 1197 514 1235 adseruare
533 1203 638 1234 recte
659 1209 708 1234 ne
728 1195 901 1246 aufugiat
922 1197 1032 1234 uoles

104 1275 193 1300 esca
212 1270 331 1312 atque
351 1261 513 1311 potione
533 1260 672 1299 uinciri
692 1262 816 1299 decet.

43 1380 46 1382 ‚
85 1328 210 1378 apud
231 1327 409 1366 me'nsam
429 1328 588 1377 plenam
609 1325 760 1365 homini
781 1333 948 1364 rostrum
969 1325 1144 1376 deliges;

0 1390 2 1394 ’
41 1405 87 1441 90
104 1394 200 1431 dum
220 1400 262 1431 tu
283 1392 337 1430 illi
358 1393 467 1442 quod
487 1391 569 1431 edit
589 1398 627 1430 et
648 1392 756 1442 quod
777 1399 887 1442 potet
907 1392 1106 1442 praebeas,

105 1472 176 1497 suo
196 1457 383 1496 arbitratu
411 1456 415 1508 Ι
440 1458 491 1496 ad
511 1456 620 1495 satim
641 1456 814 1503 cottidie,

104 1537 322 1574 numquam
344 1523 487 1573 edepol
507 1521 639 1573 fugiet,
662 1529 742 1560 tarn
763 1521 835 1560 etsi
856 1521 998 1572 capital
1019 1521 1164 1570 fecerit,

104 1590 217 1628 facile
236 1588 475 1636 adseruabis‚
498 1588 595 1627 dum
617 1600 664 1626 eo
685 1587 818 1625 uinclo
839 1587 999 1626 uincieS.

104 1654 157 1694 ita
177 1655 296 1694 istaec
317 1654 424 1693 nimi’
443 1655 550 1692 lenta
570 1652 702 1691 uincla
721 1660 811 1691 sunt
832 1652 1000 1691 escaria:

41 1734 84 1772 95
105 1734 224 1771 quam
246 1720 368 1771 magis
389 1720 578 1759 extendas
599 1725 709 1757 tanto
729 1717 947 1768 astringunt
966 1717 1096 1756 artius.

105 1800 198 1825 nam
218 1798 292 1837 ego
311 1787 362 1825 ad
385 1786 695 1824 Menaechmum
716 1785 822 1823 hunc
843 1782 985 1836 (nunc)
1006 1797 1064 1831 eo,
1088 1796 1168 1834 quo
1189 1783 1265 1822 iam
1286 1782 1371 1825 diu.

105 1866 192 1891 sum
213 1852 408 1891 iudicatus
423 1866 432 1899 5
461 1852 563 1889 ultro
584 1864 632 1889 eo
652 1857 694 1888 ut
716 1863 779 1888 me
799 1848 957 1887 uinciat.

104 1932 196 1956 nam
216 1918 294 1957 illic
315 1919 437 1956 homo
457 1916 639 1954 homines
659 1928 740 1954 non
761 1915 839 1962 alit,
862 1928 999 1953 uerum
1021 1916 1162 1953 educat

104 1991 353 2033 recreatque:
385 1983 514 2020 nullus
535 1981 675 2019 melius
697 1980 935 2019 medicinam
957 1979 1059 2018 facit.

1458 462 1525 503 Li

1454 1140 1495 1163 10

1456 1469 1496 1503 Ῑ5

1457 1798 1499 1821 20

150 2097 190 2127 77
217 2087 295 2117 fecit
314 2096 435 2116 nomen
452 2084 542 2116 codd.
559 2084 652 2116 schol.
670 2083 761 2125 Verg.
780 2083 891 2124 Georg.
916 2094 941 2122 1,
964 2093 1023 2123 137
1157 2084 1198 2113 82
1223 2081 1331 2124 (hoc)
1348 2082 1435 2114 hom.
1485 2088 1487 2090 '
1503 2069 1505 2072 Α

107 2130 247 2161 Mueller
357 2130 398 2168 85
423 2130 432 2158 i
450 2129 516 2160 cod.
537 2132 574 2158 ut
588 2128 652 2160 vid.
671 2140 678 2159 :
701 2138 766 2159 om.
781 2127 822 2169 B,
836 2127 923 2159 codd.
941 2126 1045 2158 Nonii
1058 2136 1122 2167 333
1234 2127 1277 2165 89
1301 2137 1345 2156 an
1363 2124 1442 2169 (ei)

108 2175 163 2206 h.3
184 2174 230 2215 (A
252 2184 282 2205 n.
297 2174 337 2212 l.)
452 2183 492 2212 91
508 2172 589 2211 sort.
607 2172 767 2202 arbitratu
785 2170 937 2213 (usque)
955 2172 1001 2211 <A
1023 2182 1054 2202 n.
1070 2171 1103 2210 L]
1122 2171 1172 2210 gcs.
1186 2170 1231 2201 ad
1242 2169 1338 2200 Most.
1360 2174 1436 2209 793)

107 2228 149 2257 92
172 2218 206 2247 in
231 2217 264 2247 A
290 2227 390 2257 usque
412 2216 459 2247 ad
487 2227 515 2246 v.
544 2216 604 2246 108
628 2218 760 2246 tantum
787 2220 974 2255 paucorum
1002 2225 1158 2245 versuum
1191 2215 1282 2244 initia
1312 2217 1439 2244 servata

107 2261 227 2301 edepol
253 2260 360 2299 fugiet
391 2265 458 2290 tam
487 2259 550 2290 etsi
575 2258 734 2298 Pylades:
775 2260 896 2298 edepol
930 2259 997 2299 [te]
1031 2259 1136 2297 fugiet
1169 2258 1248 2288 tiam
1279 2262 1313 2287 et
1345 2258 1370 2287 si
1395 2256 1437 2298 P,

107 2305 139 2335 A
159 2316 192 2336 n.
207 2305 226 2336 l.
246 2317 253 2335 :
278 2303 394 2335 hercle
411 2304 548 2342 effugiet
565 2307 631 2332 tam
645 2303 708 2332 etsi
720 2302 808 2334 codd.
823 2302 927 2333 Nonii
940 2302 982 2341 38
995 2302 1176 2342 (neglegens
1186 2303 1304 2331 citatim
1396 2312 1439 2340 94

107 2359 146 2379 ea
166 2349 257 2379 enim
281 2348 351 2378 fere
376 2348 469 2379 lenta
493 2345 626 2379 Nonius
653 2347 714 2379 108
732 2346 915 2388 (neglegens
929 2346 1049 2386 citatio)
1188 2346 1232 2383 96
1256 2354 1344 2375 nunc
1360 2344 1437 2378 add,

106 2390 244 2426 Mueller
1219 2410 1221 2412 -
1356 2397 1361 2400 ’
