<?xml version="1.0" encoding="UTF-8"?>
<!DOCTYPE html PUBLIC "-//W3C//DTD XHTML 1.0 Transitional//EN"
    "http://www.w3.org/TR/xhtml1/DTD/xhtml1-transitional.dtd">
<html xmlns="http://www.w3.org/1999/xhtml" xml:lang="en" lang="en">
 <head>
  <title>
</title>
<meta http-equiv="Content-Type" content="text/html;charset=utf-8" />
  <meta name='ocr-system' content='tesseract 3.04.00' />
  <meta name='ocr-capabilities' content='ocr_page ocr_carea ocr_par ocr_line ocrx_word'/>
</head>
<body>
  <div class='ocr_page' id='page_1' title='image "./comoediaerecogno01plauuoft_0210.png"; bbox 0 0 1727 2702; ppageno 0'>
   <div class='ocr_carea' id='block_1_1' title="bbox 110 127 1123 169">
    <p class='ocr_par' dir='ltr' id='par_1_1' title="bbox 110 127 1123 169">
     <span class='ocr_line' id='line_1_1' title="bbox 110 127 1123 169; baseline -0.005 0"><span class='ocrx_word' id='word_1_1' title='bbox 110 132 180 169; x_wconf 88' lang='lat' dir='ltr'>IV.</span> <span class='ocrx_word' id='word_1_2' title='bbox 200 132 245 168; x_wconf 92' lang='lat' dir='ltr'>iv</span> <span class='ocrx_word' id='word_1_3' title='bbox 626 130 672 167; x_wconf 88' lang='lat' dir='ltr'>T.</span> <span class='ocrx_word' id='word_1_4' title='bbox 706 128 886 168; x_wconf 93' lang='lat' dir='ltr'>MACCI</span> <span class='ocrx_word' id='word_1_5' title='bbox 919 127 1123 165; x_wconf 91' lang='lat' dir='ltr'><strong>PLAVTI</strong></span> 
     </span>
    </p>
   </div>
   <div class='ocr_carea' id='block_1_2' title="bbox 118 239 1620 2240">
    <p class='ocr_par' dir='ltr' id='par_1_2' title="bbox 118 239 1620 2240">
     <span class='ocr_line' id='line_1_2' title="bbox 202 239 1531 290; baseline -0.002 -10"><span class='ocrx_word' id='word_1_6' title='bbox 202 245 257 280; x_wconf 73' lang='lat'>1³1.</span> <span class='ocrx_word' id='word_1_7' title='bbox 293 256 407 280; x_wconf 85' lang='lat' dir='ltr'>mane</span> <span class='ocrx_word' id='word_1_8' title='bbox 427 244 521 280; x_wconf 82' lang='lat' dir='ltr'>dum</span> <span class='ocrx_word' id='word_1_9' title='bbox 551 241 694 280; x_wconf 80' lang='lat' dir='ltr'>scribit.</span> <span class='ocrx_word' id='word_1_10' title='bbox 757 241 834 280; x_wconf 80' lang='lat' dir='ltr'>CH.</span> <span class='ocrx_word' id='word_1_11' title='bbox 868 241 1033 279; x_wconf 90' lang='lat' dir='ltr'>celerem</span> <span class='ocrx_word' id='word_1_12' title='bbox 1062 246 1216 290; x_wconf 88' lang='lat' dir='ltr'>oportet</span> <span class='ocrx_word' id='word_1_13' title='bbox 1243 253 1328 279; x_wconf 87' lang='lat' dir='ltr'>esse</span> <span class='ocrx_word' id='word_1_14' title='bbox 1347 239 1531 278; x_wconf 85' lang='lat' dir='ltr'>amatoris</span> 
     </span>
     <span class='ocr_line' id='line_1_3' title="bbox 1355 319 1527 344; baseline 0.006 -1"><span class='ocrx_word' id='word_1_15' title='bbox 1355 319 1527 344; x_wconf 84' lang='lat' dir='ltr'>manum.</span> 
     </span>
     <span class='ocr_line' id='line_1_4' title="bbox 200 370 1530 424; baseline -0.002 -12"><span class='ocrx_word' id='word_1_16' title='bbox 200 376 257 412; x_wconf 91' lang='lat' dir='ltr'>P1.</span> <span class='ocrx_word' id='word_1_17' title='bbox 290 382 328 412; x_wconf 82' lang='lat' dir='ltr'>at</span> <span class='ocrx_word' id='word_1_18' title='bbox 367 373 528 424; x_wconf 87' lang='lat' dir='ltr'>quidem</span> <span class='ocrx_word' id='word_1_19' title='bbox 564 374 694 411; x_wconf 82' lang='lat' dir='ltr'>hercle</span> <span class='ocrx_word' id='word_1_20' title='bbox 729 376 850 413; x_wconf 86' lang='lat' dir='ltr'>†em†</span> <span class='ocrx_word' id='word_1_21' title='bbox 885 372 1136 422; x_wconf 82' lang='lat' dir='ltr'>perdundum</span> <span class='ocrx_word' id='word_1_22' title='bbox 1171 370 1293 421; x_wconf 85' lang='lat' dir='ltr'>magis</span> <span class='ocrx_word' id='word_1_23' title='bbox 1327 385 1444 422; x_wconf 83' lang='lat' dir='ltr'>quam</span> <span class='ocrx_word' id='word_1_24' title='bbox 1479 372 1530 410; x_wconf 87' lang='lat' dir='ltr'>ad</span> 
     </span>
     <span class='ocr_line' id='line_1_5' title="bbox 1162 436 1527 475; baseline 0 -1"><span class='ocrx_word' id='word_1_25' title='bbox 1162 436 1417 474; x_wconf 85' lang='lat' dir='ltr'>scribundum</span> <span class='ocrx_word' id='word_1_26' title='bbox 1439 436 1527 475; x_wconf 90' lang='lat' dir='ltr'>cito.</span> 
     </span>
     <span class='ocr_line' id='line_1_6' title="bbox 201 501 1530 554; baseline -0.002 -12"><span class='ocrx_word' id='word_1_27' title='bbox 201 505 288 542; x_wconf 81' lang='grc' dir='ltr'>ΜΝ.</span> <span class='ocrx_word' id='word_1_28' title='bbox 321 505 491 554; x_wconf 84' lang='lat' dir='ltr'>loquere.</span> <span class='ocrx_word' id='word_1_29' title='bbox 525 504 601 541; x_wconf 88' lang='lat' dir='ltr'>hoc</span> <span class='ocrx_word' id='word_1_30' title='bbox 629 502 863 554; x_wconf 87' lang='lat' dir='ltr'>scriptumst.</span> <span class='ocrx_word' id='word_1_31' title='bbox 924 502 1001 541; x_wconf 83' lang='lat' dir='ltr'>CH.</span> <span class='ocrx_word' id='word_1_32' title='bbox 1037 505 1175 548; x_wconf 90' lang='lat' dir='ltr'>‘nunc‚</span> <span class='ocrx_word' id='word_1_33' title='bbox 1198 508 1307 552; x_wconf 87' lang='lat' dir='ltr'>pater</span> <span class='ocrx_word' id='word_1_34' title='bbox 1331 501 1394 548; x_wconf 89' lang='lat' dir='ltr'>mi,</span> <span class='ocrx_word' id='word_1_35' title='bbox 1419 501 1530 552; x_wconf 86' lang='lat' dir='ltr'>proin</span> 
     </span>
     <span class='ocr_line' id='line_1_7' title="bbox 1011 566 1530 606; baseline 0 -1"><span class='ocrx_word' id='word_1_36' title='bbox 1011 574 1053 605; x_wconf 91' lang='lat' dir='ltr'>tu</span> <span class='ocrx_word' id='word_1_37' title='bbox 1073 567 1124 606; x_wconf 87' lang='lat' dir='ltr'>ab</span> <span class='ocrx_word' id='word_1_38' title='bbox 1144 579 1192 605; x_wconf 93' lang='lat' dir='ltr'>eo</span> <span class='ocrx_word' id='word_1_39' title='bbox 1213 574 1255 605; x_wconf 90' lang='lat' dir='ltr'>ut</span> <span class='ocrx_word' id='word_1_40' title='bbox 1274 580 1416 606; x_wconf 88' lang='lat' dir='ltr'>caueas</span> <span class='ocrx_word' id='word_1_41' title='bbox 1435 566 1506 605; x_wconf 89' lang='lat' dir='ltr'>tibi</span> <span class='ocrx_word' id='word_1_42' title='bbox 1523 582 1530 606; x_wconf 92' lang='lat'>:</span> 
     </span>
     <span class='ocr_line' id='line_1_8' title="bbox 199 633 1620 685; baseline -0.003 -12"><span class='ocrx_word' id='word_1_43' title='bbox 199 634 475 685; x_wconf 82' lang='lat' dir='ltr'>sycophantias</span> <span class='ocrx_word' id='word_1_44' title='bbox 497 633 711 684; x_wconf 86' lang='lat' dir='ltr'>componit,</span> <span class='ocrx_word' id='word_1_45' title='bbox 734 646 872 672; x_wconf 82' lang='lat' dir='ltr'>aurum</span> <span class='ocrx_word' id='word_1_46' title='bbox 894 639 936 672; x_wconf 91' lang='lat' dir='ltr'>ut</span> <span class='ocrx_word' id='word_1_47' title='bbox 956 645 1026 683; x_wconf 86' lang='lat' dir='ltr'>aps</span> <span class='ocrx_word' id='word_1_48' title='bbox 1046 633 1113 671; x_wconf 84' lang='lat' dir='ltr'>ted</span> <span class='ocrx_word' id='word_1_49' title='bbox 1133 633 1281 670; x_wconf 83' lang='lat' dir='ltr'>auferat</span> <span class='ocrx_word' id='word_1_50' title='bbox 1295 647 1306 680; x_wconf 76' lang='lat'><em>3</em></span> <span class='ocrx_word' id='word_1_51' title='bbox 1549 642 1620 678; x_wconf 88' lang='lat'>740</span> 
     </span>
     <span class='ocr_line' id='line_1_9' title="bbox 121 696 1295 750; baseline -0.002 -13"><span class='ocrx_word' id='word_1_52' title='bbox 121 715 180 738; x_wconf 89' lang='lat'>100</span> <span class='ocrx_word' id='word_1_53' title='bbox 198 707 235 738; x_wconf 90' lang='lat' dir='ltr'>et</span> <span class='ocrx_word' id='word_1_54' title='bbox 258 701 434 750; x_wconf 88' lang='lat' dir='ltr'>profecto</span> <span class='ocrx_word' id='word_1_55' title='bbox 455 713 496 737; x_wconf 90' lang='lat' dir='ltr'>se</span> <span class='ocrx_word' id='word_1_56' title='bbox 516 699 738 737; x_wconf 81' lang='lat' dir='ltr'>ablaturum</span> <span class='ocrx_word' id='word_1_57' title='bbox 759 698 879 737; x_wconf 63' lang='lat' dir='ltr'>dixit!</span> <span class='ocrx_word' id='word_1_58' title='bbox 936 699 1052 748; x_wconf 79' lang='lat' dir='ltr'>plane</span> <span class='ocrx_word' id='word_1_59' title='bbox 1071 696 1295 735; x_wconf 87' lang='lat' dir='ltr'>adscribito.</span> 
     </span>
     <span class='ocr_line' id='line_1_10' title="bbox 201 763 1530 814; baseline -0.002 -10"><span class='ocrx_word' id='word_1_60' title='bbox 201 767 286 804; x_wconf 82' lang='lat' dir='ltr'>MN.</span> <span class='ocrx_word' id='word_1_61' title='bbox 330 765 395 804; x_wconf 92' lang='lat' dir='ltr'>dic</span> <span class='ocrx_word' id='word_1_62' title='bbox 435 766 565 804; x_wconf 90' lang='lat' dir='ltr'>modo.</span> <span class='ocrx_word' id='word_1_63' title='bbox 640 766 717 804; x_wconf 77' lang='lat' dir='ltr'>CH.</span> <span class='ocrx_word' id='word_1_64' title='bbox 763 767 773 784; x_wconf 89' lang='lat'><em>‘</em></span> <span class='ocrx_word' id='word_1_65' title='bbox 787 772 906 814; x_wconf 84' lang='lat' dir='ltr'>atque</span> <span class='ocrx_word' id='word_1_66' title='bbox 944 763 984 802; x_wconf 91' lang='lat' dir='ltr'>id</span> <span class='ocrx_word' id='word_1_67' title='bbox 1023 763 1229 814; x_wconf 89' lang='lat' dir='ltr'>pollicetur</span> <span class='ocrx_word' id='word_1_68' title='bbox 1267 777 1309 802; x_wconf 93' lang='lat' dir='ltr'>se</span> <span class='ocrx_word' id='word_1_69' title='bbox 1347 765 1530 803; x_wconf 86' lang='lat' dir='ltr'>daturum</span> 
     </span>
     <span class='ocr_line' id='line_1_11' title="bbox 1267 828 1532 867; baseline 0 -1"><span class='ocrx_word' id='word_1_70' title='bbox 1267 842 1405 867; x_wconf 79' lang='lat' dir='ltr'>aurum</span> <span class='ocrx_word' id='word_1_71' title='bbox 1435 828 1532 866; x_wconf 86' lang='lat' dir='ltr'>mihi</span> 
     </span>
     <span class='ocr_line' id='line_1_12' title="bbox 197 893 1529 947; baseline -0.003 -12"><span class='ocrx_word' id='word_1_72' title='bbox 197 897 306 947; x_wconf 90' lang='lat' dir='ltr'>quod</span> <span class='ocrx_word' id='word_1_73' title='bbox 327 897 419 935; x_wconf 90' lang='lat' dir='ltr'>dem</span> <span class='ocrx_word' id='word_1_74' title='bbox 441 894 579 934; x_wconf 90' lang='lat' dir='ltr'>scortis</span> <span class='ocrx_word' id='word_1_75' title='bbox 600 895 790 945; x_wconf 87' lang='lat' dir='ltr'>quodque</span> <span class='ocrx_word' id='word_1_76' title='bbox 811 893 850 932; x_wconf 90' lang='lat' dir='ltr'>in</span> <span class='ocrx_word' id='word_1_77' title='bbox 877 893 1006 932; x_wconf 85' lang='lat' dir='ltr'>lustris</span> <span class='ocrx_word' id='word_1_78' title='bbox 1027 893 1238 940; x_wconf 87' lang='lat' dir='ltr'>comedim,</span> <span class='ocrx_word' id='word_1_79' title='bbox 1260 906 1529 944; x_wconf 86' lang='lat' dir='ltr'>congraecem‚</span> 
     </span>
     <span class='ocr_line' id='line_1_13' title="bbox 1410 966 1528 1009; baseline 0.008 -13"><span class='ocrx_word' id='word_1_80' title='bbox 1410 966 1528 1009; x_wconf 86' lang='lat' dir='ltr'>pater.</span> 
     </span>
     <span class='ocr_line' id='line_1_14' title="bbox 196 1023 1409 1077; baseline -0.003 -12"><span class='ocrx_word' id='word_1_81' title='bbox 196 1027 278 1074; x_wconf 89' lang='lat' dir='ltr'>sed,</span> <span class='ocrx_word' id='word_1_82' title='bbox 300 1033 419 1077; x_wconf 87' lang='lat' dir='ltr'>pater,</span> <span class='ocrx_word' id='word_1_83' title='bbox 443 1025 536 1064; x_wconf 91' lang='lat' dir='ltr'>uide</span> <span class='ocrx_word' id='word_1_84' title='bbox 557 1025 606 1063; x_wconf 77' lang='lat' dir='ltr'>ne</span> <span class='ocrx_word' id='word_1_85' title='bbox 627 1024 697 1063; x_wconf 87' lang='lat' dir='ltr'>tibi</span> <span class='ocrx_word' id='word_1_86' title='bbox 719 1023 838 1062; x_wconf 88' lang='lat' dir='ltr'>hodie</span> <span class='ocrx_word' id='word_1_87' title='bbox 858 1023 979 1062; x_wconf 84' lang='lat' dir='ltr'>uerba</span> <span class='ocrx_word' id='word_1_88' title='bbox 999 1024 1090 1062; x_wconf 89' lang='lat' dir='ltr'>det:</span> <span class='ocrx_word' id='word_1_89' title='bbox 1120 1036 1268 1073; x_wconf 84' lang='lat' dir='ltr'>quaeso</span> <span class='ocrx_word' id='word_1_90' title='bbox 1289 1025 1409 1062; x_wconf 88' lang='lat' dir='ltr'>caue.&#39;</span> 
     </span>
     <span class='ocr_line' id='line_1_15' title="bbox 200 1088 1616 1142; baseline -0.003 -12"><span class='ocrx_word' id='word_1_91' title='bbox 200 1094 289 1130; x_wconf 83' lang='lat' dir='ltr'>MN.</span> <span class='ocrx_word' id='word_1_92' title='bbox 319 1093 479 1142; x_wconf 79' lang='lat' dir='ltr'>loquere</span> <span class='ocrx_word' id='word_1_93' title='bbox 500 1103 626 1141; x_wconf 85' lang='lat' dir='ltr'>porro.</span> <span class='ocrx_word' id='word_1_94' title='bbox 678 1090 756 1129; x_wconf 84' lang='lat' dir='ltr'>CH.</span> <span class='ocrx_word' id='word_1_95' title='bbox 780 1089 1058 1128; x_wconf 85' lang='lat' dir='ltr'>adscribedum</span> <span class='ocrx_word' id='word_1_96' title='bbox 1075 1088 1203 1127; x_wconf 84' lang='lat' dir='ltr'>etiam.</span> <span class='ocrx_word' id='word_1_97' title='bbox 1257 1090 1344 1126; x_wconf 86' lang='lat' dir='ltr'>MN.</span> <span class='ocrx_word' id='word_1_98' title='bbox 1371 1090 1531 1139; x_wconf 80' lang='lat' dir='ltr'>loquere</span> <span class='ocrx_word' id='word_1_99' title='bbox 1550 1102 1616 1138; x_wconf 84' lang='lat'>745</span> 
     </span>
     <span class='ocr_line' id='line_1_16' title="bbox 1091 1153 1527 1203; baseline -0.002 -11"><span class='ocrx_word' id='word_1_100' title='bbox 1091 1153 1187 1203; x_wconf 89' lang='lat' dir='ltr'>quid</span> <span class='ocrx_word' id='word_1_101' title='bbox 1208 1153 1375 1192; x_wconf 84' lang='lat' dir='ltr'>scribam</span> <span class='ocrx_word' id='word_1_102' title='bbox 1398 1155 1527 1192; x_wconf 90' lang='lat' dir='ltr'>modo.</span> 
     </span>
     <span class='ocr_line' id='line_1_17' title="bbox 119 1219 1532 1271; baseline -0.001 -13"><span class='ocrx_word' id='word_1_103' title='bbox 119 1237 178 1268; x_wconf 84' lang='lat'>105</span> <span class='ocrx_word' id='word_1_104' title='bbox 199 1224 277 1261; x_wconf 74' lang='lat' dir='ltr'>CH.</span> <span class='ocrx_word' id='word_1_105' title='bbox 309 1225 319 1241; x_wconf 95' lang='lat'><em>‘</em></span> <span class='ocrx_word' id='word_1_106' title='bbox 333 1223 415 1269; x_wconf 87' lang='lat' dir='ltr'>sed,</span> <span class='ocrx_word' id='word_1_107' title='bbox 451 1228 570 1271; x_wconf 83' lang='lat' dir='ltr'>pater,</span> <span class='ocrx_word' id='word_1_108' title='bbox 605 1222 713 1271; x_wconf 84' lang='lat' dir='ltr'>quod</span> <span class='ocrx_word' id='word_1_109' title='bbox 748 1219 958 1270; x_wconf 89' lang='lat' dir='ltr'>promisisti</span> <span class='ocrx_word' id='word_1_110' title='bbox 994 1219 1100 1265; x_wconf 83' lang='lat' dir='ltr'>mihi,</span> <span class='ocrx_word' id='word_1_111' title='bbox 1134 1226 1172 1257; x_wconf 91' lang='lat' dir='ltr'>te</span> <span class='ocrx_word' id='word_1_112' title='bbox 1206 1232 1355 1269; x_wconf 85' lang='lat' dir='ltr'>quaeso</span> <span class='ocrx_word' id='word_1_113' title='bbox 1384 1227 1425 1257; x_wconf 89' lang='lat' dir='ltr'>ut</span> <span class='ocrx_word' id='word_1_114' title='bbox 1456 1233 1532 1258; x_wconf 88' lang='lat' dir='ltr'>me-</span> 
     </span>
     <span class='ocr_line' id='line_1_18' title="bbox 1361 1284 1528 1331; baseline 0 -9"><span class='ocrx_word' id='word_1_115' title='bbox 1361 1284 1528 1331; x_wconf 87' lang='lat' dir='ltr'>mineris,</span> 
     </span>
     <span class='ocr_line' id='line_1_19' title="bbox 197 1348 1530 1399; baseline -0.003 -9"><span class='ocrx_word' id='word_1_116' title='bbox 197 1366 247 1391; x_wconf 87' lang='lat' dir='ltr'>ne</span> <span class='ocrx_word' id='word_1_117' title='bbox 267 1352 375 1390; x_wconf 88' lang='lat' dir='ltr'>illum</span> <span class='ocrx_word' id='word_1_118' title='bbox 398 1352 580 1389; x_wconf 86' lang='lat' dir='ltr'>uerberes</span> <span class='ocrx_word' id='word_1_119' title='bbox 594 1365 604 1398; x_wconf 80' lang='lat'><em>3</em></span> <span class='ocrx_word' id='word_1_120' title='bbox 634 1363 771 1388; x_wconf 85' lang='lat' dir='ltr'>uerum</span> <span class='ocrx_word' id='word_1_121' title='bbox 787 1350 894 1399; x_wconf 85' lang='lat' dir='ltr'>apud</span> <span class='ocrx_word' id='word_1_122' title='bbox 915 1356 954 1387; x_wconf 91' lang='lat' dir='ltr'>te</span> <span class='ocrx_word' id='word_1_123' title='bbox 970 1348 1148 1387; x_wconf 87' lang='lat' dir='ltr'>uinctum</span> <span class='ocrx_word' id='word_1_124' title='bbox 1168 1349 1378 1387; x_wconf 88' lang='lat' dir='ltr'>adseruato</span> <span class='ocrx_word' id='word_1_125' title='bbox 1397 1349 1530 1387; x_wconf 87' lang='lat' dir='ltr'>domi.&#39;</span> 
     </span>
     <span class='ocr_line' id='line_1_20' title="bbox 196 1414 1491 1465; baseline -0.004 -8"><span class='ocrx_word' id='word_1_126' title='bbox 196 1419 297 1457; x_wconf 81' lang='lat' dir='ltr'>cedo</span> <span class='ocrx_word' id='word_1_127' title='bbox 318 1426 358 1456; x_wconf 85' lang='lat' dir='ltr'>tu</span> <span class='ocrx_word' id='word_1_128' title='bbox 380 1431 508 1455; x_wconf 83' lang='lat' dir='ltr'>ceram</span> <span class='ocrx_word' id='word_1_129' title='bbox 530 1430 576 1454; x_wconf 82' lang='lat' dir='ltr'>ac</span> <span class='ocrx_word' id='word_1_130' title='bbox 597 1416 720 1454; x_wconf 89' lang='lat' dir='ltr'>linum</span> <span class='ocrx_word' id='word_1_131' title='bbox 742 1422 929 1453; x_wconf 84' lang='lat' dir='ltr'>actutum.</span> <span class='ocrx_word' id='word_1_132' title='bbox 962 1428 1033 1464; x_wconf 82' lang='lat' dir='ltr'>age</span> <span class='ocrx_word' id='word_1_133' title='bbox 1054 1414 1196 1465; x_wconf 86' lang='lat' dir='ltr'>obliga,</span> <span class='ocrx_word' id='word_1_134' title='bbox 1219 1414 1383 1465; x_wconf 83' lang='lat' dir='ltr'>opsigna</span> <span class='ocrx_word' id='word_1_135' title='bbox 1403 1414 1491 1453; x_wconf 89' lang='lat' dir='ltr'>cito.</span> 
     </span>
     <span class='ocr_line' id='line_1_21' title="bbox 199 1480 1517 1533; baseline -0.002 -12"><span class='ocrx_word' id='word_1_136' title='bbox 199 1485 286 1521; x_wconf 92' lang='grc' dir='ltr'>ΜΝ.</span> <span class='ocrx_word' id='word_1_137' title='bbox 320 1495 496 1533; x_wconf 81' lang='lat' dir='ltr'>opsecro,</span> <span class='ocrx_word' id='word_1_138' title='bbox 519 1481 615 1531; x_wconf 84' lang='lat' dir='ltr'>quid</span> <span class='ocrx_word' id='word_1_139' title='bbox 637 1480 718 1518; x_wconf 82' lang='lat' dir='ltr'>istis</span> <span class='ocrx_word' id='word_1_140' title='bbox 739 1481 789 1518; x_wconf 84' lang='lat' dir='ltr'>ad</span> <span class='ocrx_word' id='word_1_141' title='bbox 811 1480 939 1518; x_wconf 88' lang='lat' dir='ltr'>istunc</span> <span class='ocrx_word' id='word_1_142' title='bbox 960 1488 1069 1518; x_wconf 84' lang='lat' dir='ltr'>usust</span> <span class='ocrx_word' id='word_1_143' title='bbox 1090 1480 1321 1530; x_wconf 86' lang='lat' dir='ltr'>conscriptis</span> <span class='ocrx_word' id='word_1_144' title='bbox 1342 1481 1517 1527; x_wconf 87' lang='lat' dir='ltr'>modum,</span> 
     </span>
     <span class='ocr_line' id='line_1_22' title="bbox 198 1545 1618 1597; baseline -0.001 -11"><span class='ocrx_word' id='word_1_145' title='bbox 198 1557 238 1586; x_wconf 89' lang='lat' dir='ltr'>ut</span> <span class='ocrx_word' id='word_1_146' title='bbox 260 1548 328 1586; x_wconf 82' lang='lat' dir='ltr'>tibi</span> <span class='ocrx_word' id='word_1_147' title='bbox 351 1561 400 1585; x_wconf 87' lang='lat' dir='ltr'>ne</span> <span class='ocrx_word' id='word_1_148' title='bbox 421 1547 516 1597; x_wconf 88' lang='lat' dir='ltr'>quid</span> <span class='ocrx_word' id='word_1_149' title='bbox 538 1547 671 1584; x_wconf 81' lang='lat' dir='ltr'>credat</span> <span class='ocrx_word' id='word_1_150' title='bbox 692 1554 810 1596; x_wconf 84' lang='lat' dir='ltr'>atque</span> <span class='ocrx_word' id='word_1_151' title='bbox 831 1553 872 1583; x_wconf 90' lang='lat' dir='ltr'>ut</span> <span class='ocrx_word' id='word_1_152' title='bbox 895 1545 1071 1584; x_wconf 89' lang='lat' dir='ltr'>uinctum</span> <span class='ocrx_word' id='word_1_153' title='bbox 1093 1552 1131 1583; x_wconf 90' lang='lat' dir='ltr'>te</span> <span class='ocrx_word' id='word_1_154' title='bbox 1150 1546 1333 1584; x_wconf 86' lang='lat' dir='ltr'>adseruet</span> <span class='ocrx_word' id='word_1_155' title='bbox 1353 1545 1491 1583; x_wconf 84' lang='lat' dir='ltr'>domi?</span> <span class='ocrx_word' id='word_1_156' title='bbox 1549 1558 1618 1595; x_wconf 83' lang='lat'>750</span> 
     </span>
     <span class='ocr_line' id='line_1_23' title="bbox 118 1609 1530 1663; baseline -0.001 -13"><span class='ocrx_word' id='word_1_157' title='bbox 118 1629 177 1651; x_wconf 79' lang='lat'>110</span> <span class='ocrx_word' id='word_1_158' title='bbox 197 1614 274 1652; x_wconf 78' lang='lat' dir='ltr'>CH.</span> <span class='ocrx_word' id='word_1_159' title='bbox 307 1612 399 1663; x_wconf 89' lang='lat' dir='ltr'>quia</span> <span class='ocrx_word' id='word_1_160' title='bbox 439 1611 490 1650; x_wconf 89' lang='lat' dir='ltr'>mi</span> <span class='ocrx_word' id='word_1_161' title='bbox 527 1611 578 1649; x_wconf 85' lang='lat' dir='ltr'>ita</span> <span class='ocrx_word' id='word_1_162' title='bbox 617 1611 735 1650; x_wconf 90' lang='lat' dir='ltr'>lubet.</span> <span class='ocrx_word' id='word_1_163' title='bbox 796 1610 906 1661; x_wconf 80' lang='lat' dir='ltr'>potin</span> <span class='ocrx_word' id='word_1_164' title='bbox 947 1617 988 1648; x_wconf 92' lang='lat' dir='ltr'>ut</span> <span class='ocrx_word' id='word_1_165' title='bbox 1027 1623 1138 1648; x_wconf 88' lang='lat' dir='ltr'>cures</span> <span class='ocrx_word' id='word_1_166' title='bbox 1178 1609 1214 1648; x_wconf 90' lang='lat' dir='ltr'>te&#39;</span> <span class='ocrx_word' id='word_1_167' title='bbox 1253 1617 1371 1660; x_wconf 83' lang='lat' dir='ltr'>atque</span> <span class='ocrx_word' id='word_1_168' title='bbox 1405 1617 1446 1648; x_wconf 89' lang='lat' dir='ltr'>ut</span> <span class='ocrx_word' id='word_1_169' title='bbox 1480 1624 1530 1648; x_wconf 90' lang='lat' dir='ltr'>ne</span> 
     </span>
     <span class='ocr_line' id='line_1_24' title="bbox 1246 1675 1531 1726; baseline 0 -13"><span class='ocrx_word' id='word_1_170' title='bbox 1246 1688 1382 1726; x_wconf 84' lang='lat' dir='ltr'>parcas</span> <span class='ocrx_word' id='word_1_171' title='bbox 1403 1675 1497 1713; x_wconf 87' lang='lat' dir='ltr'>mihi</span> <span class='ocrx_word' id='word_1_172' title='bbox 1514 1677 1531 1713; x_wconf 79' lang='grc' dir='ltr'>Ρ</span> 
     </span>
     <span class='ocr_line' id='line_1_25' title="bbox 197 1741 1316 1792; baseline -0.003 -11"><span class='ocrx_word' id='word_1_173' title='bbox 197 1756 283 1781; x_wconf 87' lang='lat' dir='ltr'>mea</span> <span class='ocrx_word' id='word_1_174' title='bbox 305 1742 448 1781; x_wconf 83' lang='lat' dir='ltr'>fiducia</span> <span class='ocrx_word' id='word_1_175' title='bbox 469 1742 560 1792; x_wconf 90' lang='lat' dir='ltr'>opu&#39;</span> <span class='ocrx_word' id='word_1_176' title='bbox 581 1741 752 1780; x_wconf 88' lang='lat' dir='ltr'>conduxi</span> <span class='ocrx_word' id='word_1_177' title='bbox 775 1749 812 1779; x_wconf 91' lang='lat' dir='ltr'>et</span> <span class='ocrx_word' id='word_1_178' title='bbox 835 1754 925 1779; x_wconf 86' lang='lat' dir='ltr'>meo</span> <span class='ocrx_word' id='word_1_179' title='bbox 945 1741 1092 1791; x_wconf 73' lang='lat' dir='ltr'>periclo</span> <span class='ocrx_word' id='word_1_180' title='bbox 1112 1754 1193 1779; x_wconf 90' lang='lat' dir='ltr'>rem</span> <span class='ocrx_word' id='word_1_181' title='bbox 1214 1754 1316 1790; x_wconf 86' lang='lat' dir='ltr'>gero.</span> 
     </span>
     <span class='ocr_line' id='line_1_26' title="bbox 200 1805 1526 1857; baseline -0.003 -11"><span class='ocrx_word' id='word_1_182' title='bbox 200 1810 285 1846; x_wconf 89' lang='grc' dir='ltr'>ΜΝ.</span> <span class='ocrx_word' id='word_1_183' title='bbox 317 1820 487 1857; x_wconf 78' lang='lat' dir='ltr'>aequom</span> <span class='ocrx_word' id='word_1_184' title='bbox 509 1806 617 1845; x_wconf 89' lang='lat' dir='ltr'>dicis.</span> <span class='ocrx_word' id='word_1_185' title='bbox 670 1807 746 1845; x_wconf 70' lang='lat' dir='ltr'>CH.</span> <span class='ocrx_word' id='word_1_186' title='bbox 777 1807 878 1845; x_wconf 89' lang='lat' dir='ltr'>cedo</span> <span class='ocrx_word' id='word_1_187' title='bbox 899 1807 1072 1844; x_wconf 80' lang='lat' dir='ltr'>tabellas.</span> <span class='ocrx_word' id='word_1_188' title='bbox 1135 1807 1221 1844; x_wconf 85' lang='lat' dir='ltr'>MN.</span> <span class='ocrx_word' id='word_1_189' title='bbox 1253 1805 1397 1855; x_wconf 83' lang='lat' dir='ltr'>accipe.</span> <span class='ocrx_word' id='word_1_190' title='bbox 1449 1806 1526 1844; x_wconf 76' lang='lat' dir='ltr'>Cu.</span> 
     </span>
     <span class='ocr_line' id='line_1_27' title="bbox 1123 1870 1526 1909; baseline -0.002 -1"><span class='ocrx_word' id='word_1_191' title='bbox 1123 1870 1299 1909; x_wconf 86' lang='lat' dir='ltr'>animum</span> <span class='ocrx_word' id='word_1_192' title='bbox 1320 1870 1526 1908; x_wconf 79' lang='lat' dir='ltr'>aduortite.</span> 
     </span>
     <span class='ocr_line' id='line_1_28' title="bbox 199 1935 1309 1983; baseline -0.003 -7"><span class='ocrx_word' id='word_1_193' title='bbox 199 1938 446 1976; x_wconf 77' lang='lat' dir='ltr'>Mnesiloche</span> <span class='ocrx_word' id='word_1_194' title='bbox 467 1944 504 1975; x_wconf 86' lang='lat' dir='ltr'>et</span> <span class='ocrx_word' id='word_1_195' title='bbox 526 1944 579 1983; x_wconf 90' lang='lat' dir='ltr'>tu,</span> <span class='ocrx_word' id='word_1_196' title='bbox 605 1936 828 1983; x_wconf 85' lang='lat' dir='ltr'>Pistoclere,</span> <span class='ocrx_word' id='word_1_197' title='bbox 852 1936 928 1974; x_wconf 86' lang='lat' dir='ltr'>iam</span> <span class='ocrx_word' id='word_1_198' title='bbox 950 1935 1066 1974; x_wconf 81' lang='lat' dir='ltr'>facite</span> <span class='ocrx_word' id='word_1_199' title='bbox 1087 1936 1125 1974; x_wconf 89' lang='lat' dir='ltr'>in</span> <span class='ocrx_word' id='word_1_200' title='bbox 1148 1935 1309 1974; x_wconf 88' lang='lat' dir='ltr'>biclinio</span> 
     </span>
     <span class='ocr_line' id='line_1_29' title="bbox 196 2000 1614 2051; baseline -0.002 -11"><span class='ocrx_word' id='word_1_201' title='bbox 196 2005 286 2041; x_wconf 75' lang='lat' dir='ltr'>cum</span> <span class='ocrx_word' id='word_1_202' title='bbox 307 2002 434 2040; x_wconf 86' lang='lat' dir='ltr'>amica</span> <span class='ocrx_word' id='word_1_203' title='bbox 455 2015 525 2040; x_wconf 81' lang='lat' dir='ltr'>sua</span> <span class='ocrx_word' id='word_1_204' title='bbox 546 2010 710 2051; x_wconf 82' lang='lat' dir='ltr'>uterque</span> <span class='ocrx_word' id='word_1_205' title='bbox 731 2001 957 2040; x_wconf 86' lang='lat' dir='ltr'>accubitum</span> <span class='ocrx_word' id='word_1_206' title='bbox 979 2001 1086 2047; x_wconf 78' lang='lat' dir='ltr'>eatis,</span> <span class='ocrx_word' id='word_1_207' title='bbox 1110 2001 1162 2039; x_wconf 81' lang='lat' dir='ltr'>ita</span> <span class='ocrx_word' id='word_1_208' title='bbox 1183 2000 1431 2050; x_wconf 75' lang='lat' dir='ltr'>negotiumst,</span> <span class='ocrx_word' id='word_1_209' title='bbox 1548 2011 1614 2048; x_wconf 84' lang='lat'>755</span> 
     </span>
     <span class='ocr_line' id='line_1_30' title="bbox 118 2065 1323 2117; baseline 0.001 -15"><span class='ocrx_word' id='word_1_210' title='bbox 118 2081 175 2111; x_wconf 83' lang='lat'>115</span> <span class='ocrx_word' id='word_1_211' title='bbox 197 2076 314 2117; x_wconf 83' lang='lat' dir='ltr'>atque</span> <span class='ocrx_word' id='word_1_212' title='bbox 336 2067 483 2105; x_wconf 75' lang='lat' dir='ltr'>ibidem</span> <span class='ocrx_word' id='word_1_213' title='bbox 507 2067 572 2104; x_wconf 87' lang='lat' dir='ltr'>ubi</span> <span class='ocrx_word' id='word_1_214' title='bbox 595 2080 700 2104; x_wconf 86' lang='lat' dir='ltr'>nunc</span> <span class='ocrx_word' id='word_1_215' title='bbox 722 2074 812 2104; x_wconf 86' lang='lat' dir='ltr'>sunt</span> <span class='ocrx_word' id='word_1_216' title='bbox 833 2066 922 2103; x_wconf 82' lang='lat' dir='ltr'>lecti</span> <span class='ocrx_word' id='word_1_217' title='bbox 944 2066 1050 2103; x_wconf 84' lang='lat' dir='ltr'>strati</span> <span class='ocrx_word' id='word_1_218' title='bbox 1072 2065 1214 2115; x_wconf 88' lang='lat' dir='ltr'>potetis</span> <span class='ocrx_word' id='word_1_219' title='bbox 1235 2065 1323 2104; x_wconf 83' lang='lat' dir='ltr'>cito.</span> 
     </span>
     <span class='ocr_line' id='line_1_31' title="bbox 200 2130 1527 2182; baseline -0.002 -12"><span class='ocrx_word' id='word_1_220' title='bbox 200 2134 255 2170; x_wconf 76' lang='lat' dir='ltr'>Pi.</span> <span class='ocrx_word' id='word_1_221' title='bbox 289 2132 483 2182; x_wconf 86' lang='lat' dir='ltr'>numquid</span> <span class='ocrx_word' id='word_1_222' title='bbox 511 2132 648 2170; x_wconf 84' lang='lat' dir='ltr'>aliud?</span> <span class='ocrx_word' id='word_1_223' title='bbox 704 2133 782 2170; x_wconf 70' lang='grc' dir='ltr'><strong>(ΣΗ.</strong></span> <span class='ocrx_word' id='word_1_224' title='bbox 815 2132 891 2169; x_wconf 87' lang='lat' dir='ltr'>hoc</span> <span class='ocrx_word' id='word_1_225' title='bbox 911 2138 1030 2181; x_wconf 82' lang='lat' dir='ltr'>atque</span> <span class='ocrx_word' id='word_1_226' title='bbox 1054 2131 1195 2169; x_wconf 85' lang='lat' dir='ltr'>etiam:</span> <span class='ocrx_word' id='word_1_227' title='bbox 1226 2131 1292 2168; x_wconf 75' lang='lat' dir='ltr'>ubi</span> <span class='ocrx_word' id='word_1_228' title='bbox 1321 2130 1391 2169; x_wconf 86' lang='lat' dir='ltr'>crit</span> <span class='ocrx_word' id='word_1_229' title='bbox 1417 2143 1527 2168; x_wconf 88' lang='lat' dir='ltr'>accu-</span> 
     </span>
     <span class='ocr_line' id='line_1_32' title="bbox 1247 2195 1524 2240; baseline 0 -8"><span class='ocrx_word' id='word_1_230' title='bbox 1247 2195 1371 2233; x_wconf 85' lang='lat' dir='ltr'>bitum</span> <span class='ocrx_word' id='word_1_231' title='bbox 1393 2196 1524 2240; x_wconf 84' lang='lat' dir='ltr'>semel,</span> 
     </span>
    </p>
   </div>
   <div class='ocr_carea' id='block_1_3' title="bbox 198 2298 1527 2420">
    <p class='ocr_par' dir='ltr' id='par_1_3' title="bbox 198 2298 1527 2420">
     <span class='ocr_line' id='line_1_33' title="bbox 242 2298 1527 2341; baseline -0.004 -9"><span class='ocrx_word' id='word_1_232' title='bbox 242 2303 303 2341; x_wconf 86' lang='lat'>738</span> <span class='ocrx_word' id='word_1_233' title='bbox 328 2306 429 2341; x_wconf 86' lang='lat' dir='ltr'>atque</span> <span class='ocrx_word' id='word_1_234' title='bbox 447 2301 534 2332; x_wconf 85' lang='lat' dir='ltr'>idem</span> <span class='ocrx_word' id='word_1_235' title='bbox 552 2300 616 2332; x_wconf 89' lang='lat' dir='ltr'>cod.</span> <span class='ocrx_word' id='word_1_236' title='bbox 640 2301 706 2340; x_wconf 84' lang='lat' dir='ltr'>(vii.</span> <span class='ocrx_word' id='word_1_237' title='bbox 731 2301 762 2335; x_wconf 60' lang='grc' dir='ltr'>ι)</span> <span class='ocrx_word' id='word_1_238' title='bbox 852 2299 992 2330; x_wconf 76' lang='lat' dir='ltr'>velhem</span> <span class='ocrx_word' id='word_1_239' title='bbox 1009 2311 1015 2330; x_wconf 74' lang='lat' dir='ltr'>t</span> <span class='ocrx_word' id='word_1_240' title='bbox 1040 2299 1122 2338; x_wconf 86' lang='lat' dir='ltr'>sort.</span> <span class='ocrx_word' id='word_1_241' title='bbox 1141 2309 1214 2329; x_wconf 84' lang='lat' dir='ltr'>eam</span> <span class='ocrx_word' id='word_1_242' title='bbox 1232 2298 1281 2329; x_wconf 84' lang='lat' dir='ltr'>vel</span> <span class='ocrx_word' id='word_1_243' title='bbox 1296 2309 1364 2328; x_wconf 82' lang='lat' dir='ltr'>rem</span> <span class='ocrx_word' id='word_1_244' title='bbox 1466 2307 1527 2337; x_wconf 87' lang='lat'>743</span> 
     </span>
     <span class='ocr_line' id='line_1_34' title="bbox 198 2340 1527 2420; baseline -0.002 -46"><span class='ocrx_word' id='word_1_245' title='bbox 198 2351 468 2420; x_wconf 18' lang='lat' dir='ltr'>‹lzt&#39;hlytcgphgeregem</span> <span class='ocrx_word' id='word_1_246' title='bbox 500 2344 594 2375; x_wconf 84' lang='lat' dir='ltr'>cod.:</span> <span class='ocrx_word' id='word_1_247' title='bbox 633 2354 822 2383; x_wconf 80' lang='lat' dir='ltr'>congregor</span> <span class='ocrx_word' id='word_1_248' title='bbox 852 2343 941 2374; x_wconf 78' lang='lat' dir='ltr'>codd.</span> <span class='ocrx_word' id='word_1_249' title='bbox 983 2342 1087 2373; x_wconf 71' lang='lat' dir='ltr'>Nonii</span> <span class='ocrx_word' id='word_1_250' title='bbox 1124 2343 1166 2382; x_wconf 87' lang='lat'>83</span> <span class='ocrx_word' id='word_1_251' title='bbox 1314 2351 1375 2380; x_wconf 85' lang='lat'>752</span> <span class='ocrx_word' id='word_1_252' title='bbox 1400 2345 1434 2372; x_wconf 81' lang='lat' dir='ltr'>et</span> <span class='ocrx_word' id='word_1_253' title='bbox 1466 2340 1527 2372; x_wconf 77' lang='lat' dir='ltr'>del.</span> 
     </span>
    </p>
   </div>
  </div>
 </body>
</html>
