1727 2702
180 121 226 157 V.
250 120 310 156 vii
672 121 718 157 T.
753 120 931 159 MACCI
966 121 1168 159 PLAVTI

251 244 436 269 maxumo
457 230 576 270 hodie
599 231 703 269 malo
724 231 854 269 hercle
876 238 1011 270 uostro
1032 231 1160 270 istunc
1182 231 1300 270 fertis.
1358 232 1512 272 mittite.

187 307 226 339 25
250 297 366 335 ΜΕΝ.
398 305 514 336 teneo
543 309 616 347 ego
647 295 738 335 huic
770 297 942 335 oculum.
1014 298 1121 335 MES.
1156 298 1240 336 face
1264 306 1305 336 ut
1335 298 1438 337 oculi
1467 300 1578 337 locus

1170 361 1209 400 in
1230 361 1358 411 capite
1377 370 1576 413 appareat.

247 440 319 465 uos
349 426 515 474 scelesti,
539 439 610 465 uos
631 439 801 477 rapaces,
826 439 898 464 uos
923 427 1169 476 praedones!
1228 428 1301 465 Lo.
1331 427 1540 477 periimus!
1599 438 1708 478 ιοιςΙ

247 503 412 540 opsecro
437 490 590 528 hercle!
649 491 756 528 Mas.
779 488 920 528 mittite
941 502 1046 539 ergo.
1105 491 1222 528 ΜΕΝ.
1253 489 1350 539 quid
1370 503 1433 528 me
1463 489 1577 528 uobis

1390 554 1546 593 tactiost
1561 556 1578 594 ?

248 629 362 672 pecte
409 620 560 672 pugnis.
636 621 742 658 MEs.
778 619 881 670 agite
911 619 1026 668 abite,
1064 619 1185 670 fugite
1223 619 1315 658 hinc
1354 619 1394 658 in
1433 620 1576 658 malam

1406 698 1573 724 crucem.

247 765 310 790 em
333 751 402 790 tibi
424 751 541 790 etiam
559 754 565 789 ἔ
596 749 688 801 quia
708 757 930 801 postremus
951 750 1070 798 cedis,
1094 751 1170 788 hoc
1190 749 1338 800 praemi
1359 750 1468 788 feres.

189 832 229 863 30
247 818 354 856 nimi'
376 818 477 856 bene
498 830 565 855 ora
584 815 824 855 commetaui
844 824 964 866 atque
983 830 1030 855 ex
1051 829 1138 854 mea
1157 815 1361 854 sententia.

247 884 405 933 edepol,
425 895 500 929 ere,
524 895 573 920 ne
594 880 664 919 tibi
686 880 887 931 suppetias
908 880 1072 931 temperi
1093 880 1239 919 adueni
1260 881 1392 919 modo.

251 949 365 986 ΜΕΝ.
389 955 427 986 at
443 946 513 985 tibi
530 946 569 985 di
587 960 751 996 semper,
769 948 1017 995 adulescens,
1031 946 1209 997 quisquis
1229 960 1282 994 es,
1298 945 1442 985 faciant
1462 946 1575 985 bene.

249 1026 341 1052 nam
365 1026 515 1063 apsque
545 1013 611 1051 ted
636 1011 749 1059 esset,
773 1012 892 1051 hodie
922 1025 1140 1062 numquam
1163 1013 1215 1051 ad
1242 1013 1365 1050 solem
1393 1025 1578 1050 occasum

1388 1076 1574 1116 uiuerem.

251 1146 356 1184 MES.
388 1157 480 1194 ergo
500 1144 653 1193 edepol,
677 1141 707 1180 si
729 1150 833 1182 recte
854 1142 985 1190 facias,
1006 1156 1081 1190 ere,
1104 1143 1196 1182 med
1217 1142 1372 1181 emittas
1393 1155 1523 1181 manu.

188 1219 228 1252 35
250 1211 365 1248 ΜΕΝ.
399 1209 561 1247 liberem
591 1221 664 1257 ego
689 1208 756 1246 te?
827 1209 932 1246 Mes.
955 1221 1103 1254 uerum,
1135 1207 1476 1258 quandoquidem,
1502 1221 1577 1254 ere,

943 1281 980 1312 te
1001 1273 1165 1312 seruaui.
1227 1275 1341 1312 ΜΕΝ.
1373 1273 1469 1324 quid
1489 1275 1578 1313 est?

246 1342 491 1387 adulescens,
523 1353 635 1378 erras.
698 1340 802 1377 MEs.
845 1338 953 1389 quid,
989 1341 1103 1378 erro?
1171 1340 1286 1377 ΜΕΝ.
1328 1351 1397 1388 per
1436 1340 1575 1378 Iouem
1598 1349 1685 1388 1025

1255 1403 1393 1443 adiuro
1413 1411 1575 1455 patrem,

249 1473 340 1511 med
361 1485 470 1510 erum
492 1479 602 1509 tuom
632 1483 711 1509 non
733 1483 828 1509 esse.
891 1471 996 1508 MEs.
1028 1483 1109 1508 non
1140 1471 1275 1509 taces?
1346 1471 1460 1507 ΜΕΝ.
1497 1483 1577 1508 non

1385 1534 1552 1574 mentior
1569 1550 1579 1583 ;

248 1616 322 1642 nec
343 1604 444 1642 meu’
465 1615 599 1641 seruos
621 1614 839 1651 numquam
861 1602 937 1640 tale
958 1600 1049 1640 fecit
1070 1603 1186 1651 quale
1206 1608 1247 1639 tu
1270 1600 1376 1640 mihi.

249 1670 354 1706 MEs.
387 1667 441 1706 sic
463 1667 546 1705 sine
567 1666 691 1716 igitur,
714 1665 745 1704 si
767 1674 878 1705 tuom
899 1679 1018 1717 negas
1040 1680 1103 1705 me
1123 1668 1220 1714 esse,
1242 1666 1349 1705 abire
1370 1666 1548 1706 liberum.

186 1745 229 1777 40
250 1735 363 1771 ΜΕΝ.
383 1746 468 1771 mea
483 1731 643 1781 quidem
659 1732 789 1769 hercle
803 1744 941 1769 caussa
954 1730 1050 1769 liber
1063 1738 1148 1770 esto
1159 1739 1279 1782 atque
1292 1731 1347 1770 ito
1360 1745 1440 1782 quo
1454 1733 1573 1771 uoles.

249 1800 352 1836 MEs.
386 1799 515 1847 nemp'
537 1796 680 1834 iubes?
752 1797 864 1834 ΜΕΝ.
889 1795 1008 1835 iubeo
1028 1797 1168 1844 hercle,
1191 1796 1222 1835 si
1243 1796 1339 1847 quid
1360 1796 1496 1848 imperi
1517 1804 1574 1835 est
1597 1809 1686 1845 1030

1347 1861 1386 1900 in
1408 1870 1445 1901 te
1466 1861 1572 1900 mihi.

249 1930 352 1966 Msss.
385 1929 505 1974 salue,
527 1927 578 1964 mi
601 1935 773 1977 patrone.
838 1931 846 1947 ‘
860 1941 981 1978 quom
1004 1936 1044 1966 tu
1065 1927 1163 1967 liber
1183 1941 1234 1975 es,
1261 1927 1473 1974 Messenio,

245 1995 424 2043 gaudeo?
480 1994 599 2031 credo
622 1994 750 2031 hercle
773 1992 898 2031 uobis.
959 1994 1040 2040 sed,
1065 2001 1238 2043 patrone,
1262 2001 1300 2031 te
1320 2006 1496 2044 opsecro,

247 2072 295 2096 nc
318 2057 446 2095 minus
468 2057 634 2107 imperes
658 2057 752 2095 mihi
774 2071 893 2107 quam
915 2071 1036 2107 quom
1060 2065 1147 2096 tuos
1169 2071 1302 2096 seruos
1324 2057 1388 2096 sui.

293 2172 373 2201 1013
400 2163 489 2193 herc.
510 2163 585 2193 hod.
607 2172 669 2192 ma.
686 2161 788 2192 Bothe
922 2172 1004 2201 1019
1029 2162 1129 2192 nimis
1140 2161 1263 2193 Bothe:
1290 2162 1388 2192 nimis
1404 2159 1491 2201 [aut]
1507 2160 1574 2193 cod.

251 2216 332 2236 1020
370 2211 522 2245 tempore
550 2205 614 2235 cml.
771 2214 852 2235 1022
886 2205 934 2236 vel
956 2204 1050 2245 apsq'
1204 2215 1284 2244 1027
1321 2216 1475 2246 umquam
1501 2205 1576 2236 ΡΟ)

250 2251 331 2279 1028
355 2250 404 2279 vrl
434 2250 509 2280 mcd
636 2252 710 2288 post
738 2249 820 2278 1028
852 2249 885 2278 ιἰι
917 2248 951 2279 Ρ
979 2249 1133 2289 leguntur
1160 2259 1209 2279 vv.
1244 2258 1391 2289 1037—43
1420 2259 1480 2279 suo
1509 2248 1576 2279 loco

246 2293 408 2323 redeuntes
449 2295 475 2329 (ἲ
488 2293 582 2333 prins
616 2293 732 2322 omissi
771 2295 901 2332 propter
939 2292 1122 2323 lromoeotel.
1164 2293 1414 2332 marsuppium;
1462 2292 1492 2323 ii.
1535 2292 1573 2332 6)

251 2346 374 2375 rogi—2
399 2336 469 2367 vide
493 2347 531 2366 ne
555 2335 608 2365 illu
643 2336 888 2374 patrone—scd
915 2340 1047 2376 propter
1067 2335 1336 2367 homoeoteleuton
1364 2335 1576 2367 intere-tuerint

247 2380 279 2409 ιἰι
305 2380 349 2416 Α,
376 2380 434 2419 qm⁴
456 2380 537 2410 inter
566 2390 615 2410 vv.
648 2379 730 2409 1026
752 2383 781 2409 ct
815 2389 896 2418 1034
922 2390 986 2419 sex,
1014 2389 1080 2410 non
1110 2383 1238 2420 septem,
1265 2390 1375 2411 versus
1403 2379 1578 2410 exhibuisse

248 2423 374 2454 videtur

1601 896 1691 923 1020
