1727 2702
144 125 196 164 11.
219 125 247 161 ii
638 124 684 161 T.
719 122 898 162 MACCI
931 122 1134 160 PLAVTI

218 248 308 274 eum
330 234 361 273 si
383 234 514 273 reddis
536 232 641 280 mihi,
665 241 864 284 praeterea
885 234 1007 270 tinum
1029 245 1238 271 nummum
1261 245 1310 271 ne
1331 231 1419 271 duis
1434 262 1445 280 ,

219 307 258 338 et
278 307 315 337 te
336 306 375 337 et
395 300 501 337 hunc
520 298 698 336 amittam
720 297 822 336 hinc.
881 296 960 335 alio
981 305 1096 346 pacto
1116 296 1223 336 abire
1244 311 1322 336 non
1345 304 1467 347 potes.

219 366 292 403 Tv.
325 372 533 415 optumum
554 370 673 413 atque
699 361 995 413 aequissumum
1025 375 1111 401 oras
1138 369 1403 412 optumusque
1430 360 1552 400 homi-

1241 441 1336 466 num
1357 440 1397 466 es
1418 427 1550 466 homo.

222 497 291 535 sed
313 495 343 534 is
365 494 556 545 priuatam
577 493 804 532 seruitutem
827 492 945 532 seruit
966 491 1019 531 illi
1039 506 1089 531 an
1110 491 1339 543 publicam?

159 568 201 609 85
225 562 304 599 HE.
342 560 533 610 priuatam
575 558 717 597 medici
755 557 971 597 Menarchi.
1033 559 1203 596 PfflLoc.
1249 558 1314 608 pol
1357 555 1552 607 isquidem
1573 566 1637 603 335

1178 621 1308 660 huiius
1328 628 1387 660 est
1406 622 1555 660 cluens.

221 697 300 729 tam
323 690 398 727 hoc
415 688 576 738 quidem
594 687 663 726 tibi
681 687 719 726 in
738 686 901 738 procliui
915 700 1033 738 quam
1049 686 1174 725 imber
1192 694 1250 725 est
1266 686 1427 736 quando
1444 685 1552 736 pluit.

225 757 305 794 HE.
340 756 399 793 fac
420 754 451 792 is
472 755 593 792 homo
614 761 656 792 ut
677 753 899 791 redimatur.
960 754 1033 790 Tv.
1066 752 1216 791 faciam.
1263 752 1332 790 sed
1353 759 1391 790 te
1411 750 1451 790 id
1472 764 1553 798 oro,

1357 815 1557 866 Hegio,—

224 888 304 926 HE.
337 884 506 937 quiduis,
521 886 617 924 dum
638 884 688 922 ab
710 897 748 922 re
770 897 819 922 ne
840 882 935 933 quid
953 897 1049 929 ores,
1069 882 1218 921 faciam.
1260 883 1332 920 Τγ.
1364 882 1553 927 ausculta,

1341 954 1423 985 tum
1444 945 1552 985 scies.

223 1031 296 1068 ego
317 1031 380 1056 me
399 1015 536 1062 amitti,
559 1014 747 1054 donicum
770 1014 833 1053 ille
854 1015 930 1052 huc
952 1013 1116 1060 redierit,
1141 1026 1220 1052 non
1242 1013 1409 1063 postulo.

161 1097 206 1131 90
224 1096 359 1120 uerum
395 1089 432 1120 te
466 1093 614 1131 quaeso
648 1077 724 1132 [ut]
756 1086 1018 1117 aestumatum
1054 1079 1159 1116 hunc
1191 1077 1285 1115 mihi
1322 1077 1403 1124 des,
1435 1090 1553 1127 quem
1574 1090 1644 1126 340

1149 1143 1299 1181 mittam
1320 1143 1371 1181 ad
1391 1150 1553 1193 patrem,

225 1220 266 1251 ut
288 1212 319 1250 is
340 1213 461 1250 homo
482 1210 694 1249 redimatur
714 1209 778 1247 illi.
841 1211 921 1248 HE.
955 1208 1078 1247 immo
1097 1208 1216 1246 alium
1240 1207 1369 1258 potius
1391 1207 1532 1246 misero

225 1277 326 1323 hinc,
350 1276 417 1314 ubi
438 1282 551 1314 erunt
572 1274 757 1321 indutiae,
781 1274 886 1322 illuc,
907 1282 1015 1312 tuom
1037 1273 1104 1324 qui
1125 1272 1336 1312 conueniat
1356 1280 1517 1323 patrem,

224 1342 290 1393 qui
312 1350 378 1380 tua
398 1355 498 1391 quae
519 1349 560 1378 tu
581 1339 737 1378 iusseris
759 1340 945 1378 mandata
964 1339 1017 1377 ita
1037 1346 1079 1377 ut
1100 1339 1196 1378 uelis
1217 1340 1392 1389 perferat.

226 1409 297 1445 Tv.
328 1414 367 1445 at
388 1406 484 1445 nihil
504 1413 563 1445 est
583 1405 760 1455 ignotum
781 1406 832 1444 ad
853 1404 962 1442 illum
985 1403 1137 1443 mittere
1154 1420 1160 1443 :
1191 1417 1350 1455 operam
1371 1404 1516 1443 luseris.

165 1486 206 1519 95
227 1474 331 1511 hune
353 1471 474 1519 mitte,
496 1470 560 1510 hic
580 1478 818 1509 transactum
839 1470 977 1508 reddet
997 1483 1127 1516 omne,
1149 1469 1180 1508 si
1201 1470 1292 1509 illuc
1313 1469 1472 1509 uenerit.
1575 1480 1642 1517 345

226 1551 298 1576 nec
318 1550 559 1588 quemquam
581 1535 797 1574 fideliorem
820 1548 949 1585 neque
970 1534 1063 1584 quoi
1086 1535 1173 1585 plus
1193 1536 1325 1573 credat
1346 1542 1458 1585 potes

226 1602 376 1641 mittere
395 1602 446 1641 ad
467 1614 558 1640 eum
579 1614 652 1640 nec
673 1600 740 1651 qui
762 1599 874 1650 magi'
895 1599 943 1638 sit
965 1614 1099 1640 seruos
1120 1614 1165 1639 ex
1186 1600 1389 1647 sententia,

227 1681 356 1718 neque
375 1669 477 1706 adeo
497 1666 591 1717 quoi
611 1680 726 1705 suom
747 1668 959 1706 concredat
983 1667 1105 1706 filium
1127 1666 1247 1705 hodie
1266 1664 1463 1704 audacius.

229 1748 278 1772 ne
299 1747 466 1780 uereare,
489 1745 579 1771 meo
600 1732 745 1782 periclo
766 1732 881 1770 huius
903 1746 975 1783 ego
995 1732 1168 1783 experiar
1188 1732 1319 1778 fidem,

150 1815 211 1838 100
230 1800 348 1837 fretus
370 1798 526 1849 ingenio
546 1797 641 1845 eius,
663 1799 771 1848 quod
794 1812 856 1836 me
877 1811 962 1837 esse
982 1797 1053 1836 scit
1073 1798 1162 1848 erga
1182 1810 1266 1836 sese
1286 1795 1527 1835 beniuolum.
1577 1806 1646 1844 350

231 1866 310 1902 ΗΕ.
344 1864 495 1902 mittam
528 1864 711 1914 equidem
747 1864 874 1903 istunc
906 1871 1167 1903 aestumatum
1202 1871 1267 1900 tua
1299 1863 1388 1909 fide,
1423 1861 1453 1901 si
1487 1861 1555 1900 uis.

1336 1929 1408 1966 Tv.
1442 1928 1534 1966 uolo
1549 1941 1558 1974 ;

229 2010 348 2047 quam
369 1996 568 2036 citissume
590 2006 729 2048 potest,
749 2006 827 2037 tam
849 1999 925 2037 hoc
946 1998 1086 2036 cedere
1106 1998 1156 2036 ad
1177 1997 1322 2035 factum
1345 1997 1447 2034 uolo.

232 2063 311 2099 HE.
344 2075 438 2099 num
454 2076 554 2112 quae
575 2076 713 2101 caussa
735 2070 792 2101 est
806 2062 914 2113 quin,
933 2062 964 2101 si
981 2063 1044 2101 ille
1061 2063 1138 2100 hue
1159 2075 1238 2100 non
1262 2062 1407 2108 redeat,
1422 2059 1558 2111 uiginti

1435 2125 1559 2164 minas

275 2239 338 2268 332
363 2228 411 2259 vel
437 2229 492 2259 ted
627 2238 690 2267 333
715 2228 814 2258 homo
832 2238 869 2258 es
890 2238 969 2258 corr.
992 2238 1029 2258 es
1049 2228 1148 2258 horno
1174 2231 1209 2256 ut
1233 2226 1293 2257 vid.
1338 2228 1356 2256 ’ὅ
1374 2227 1474 2257 homo
1494 2225 1558 2261 PE)

233 2282 296 2311 335
323 2272 486 2311 Pluma]
506 2271 566 2303 ΤΥ.
583 2271 653 2302 Ital.
706 2271 749 2309 is]
769 2270 896 2300 hiccod
969 2281 1031 2310 337
1057 2271 1334 2301 se‹11‹·dor0h‹›c
1348 2269 1430 2300 Bm'x
1495 2279 1561 2309 340

234 2321 266 2345 te
280 2316 330 2345 dr!
353 2315 454 2345 Brix:
481 2320 515 2345 ut
529 2315 586 2345 del.
600 2315 742 2345 Bossclm
836 2325 898 2353 342
924 2315 1084 2345 conuenit
1100 2313 1166 2345 cod.
1254 2323 1318 2352 345
1342 2324 1440 2344 omne
1452 2318 1557 2344 trans-

234 2364 342 2389 actum
362 2359 478 2389 reddet
494 2357 580 2388 cod:
607 2357 820 2388 tranlcumus
888 2359 951 2396 346
976 2367 1219 2397 nequemquam
1237 2356 1300 2387 cod.
1369 2367 1432 2396 347
1459 2356 1558 2395 nequi

234 2401 298 2433 cod.
345 2402 396 2433 vel
410 2411 506 2439 mage
579 2402 642 2441 348
667 2406 760 2432 tuum
771 2400 843 2431 Ital.
913 2411 978 2441 349
1000 2401 1048 2432 ve!
1064 2401 1213 2440 periculo
1260 2401 1359 2430 fidem
1372 2400 1442 2430 Ital.
1461 2412 1466 2430 :
1486 2400 1558 2430 uice

236 2445 335 2476 sidem
359 2444 422 2476 md.
438 2445 495 2485 (iv.
518 2444 554 2484 3)
685 2453 751 2484 350
773 2443 823 2474 ve!
836 2442 901 2474 ess*
989 2454 1070 2484 erga
1095 2454 1131 2475 se
1156 2443 1209 2474 B:
1233 2454 1309 2474 sese
1326 2454 1407 2483 erga
1422 2442 1547 2474 Schoell
