<?xml version="1.0" encoding="UTF-8"?>
<!DOCTYPE html PUBLIC "-//W3C//DTD XHTML 1.0 Transitional//EN"
    "http://www.w3.org/TR/xhtml1/DTD/xhtml1-transitional.dtd">
<html xmlns="http://www.w3.org/1999/xhtml" xml:lang="en" lang="en">
 <head>
  <title>
</title>
<meta http-equiv="Content-Type" content="text/html;charset=utf-8" />
  <meta name='ocr-system' content='tesseract 3.04.00' />
  <meta name='ocr-capabilities' content='ocr_page ocr_carea ocr_par ocr_line ocrx_word'/>
</head>
<body>
  <div class='ocr_page' id='page_1' title='image "./comoediaerecogno01plauuoft_0059.png"; bbox 0 0 1727 2712; ppageno 0'>
   <div class='ocr_carea' id='block_1_1' title="bbox 658 134 1557 174">
    <p class='ocr_par' dir='ltr' id='par_1_1' title="bbox 658 134 1557 174">
     <span class='ocr_line' id='line_1_1' title="bbox 658 134 1557 174; baseline -0.003 -1"><span class='ocrx_word' id='word_1_1' title='bbox 658 135 1008 174; x_wconf 90' lang='lat' dir='ltr'>AMPHITRVO</span> <span class='ocrx_word' id='word_1_2' title='bbox 1461 135 1491 171; x_wconf 95' lang='grc' dir='ltr'>Ι.</span> <span class='ocrx_word' id='word_1_3' title='bbox 1512 134 1557 170; x_wconf 86' lang='lat' dir='ltr'>iii</span> 
     </span>
    </p>
   </div>
   <div class='ocr_carea' id='block_1_2' title="bbox 80 247 1437 367">
    <p class='ocr_par' dir='ltr' id='par_1_2' title="bbox 80 247 1437 367">
     <span class='ocr_line' id='line_1_2' title="bbox 165 247 1280 298; baseline -0.002 -11"><span class='ocrx_word' id='word_1_4' title='bbox 165 255 275 288; x_wconf 88' lang='lat' dir='ltr'>tanto</span> <span class='ocrx_word' id='word_1_5' title='bbox 295 248 451 287; x_wconf 89' lang='lat' dir='ltr'>breuior</span> <span class='ocrx_word' id='word_1_6' title='bbox 470 247 555 286; x_wconf 89' lang='lat' dir='ltr'>dies</span> <span class='ocrx_word' id='word_1_7' title='bbox 576 255 618 286; x_wconf 91' lang='lat' dir='ltr'>ut</span> <span class='ocrx_word' id='word_1_8' title='bbox 639 248 705 286; x_wconf 82' lang='lat' dir='ltr'>fiat</span> <span class='ocrx_word' id='word_1_9' title='bbox 725 247 876 293; x_wconf 82' lang='lat' dir='ltr'>faciam,</span> <span class='ocrx_word' id='word_1_10' title='bbox 900 255 942 284; x_wconf 84' lang='lat' dir='ltr'>ut</span> <span class='ocrx_word' id='word_1_11' title='bbox 961 260 1089 297; x_wconf 83' lang='lat' dir='ltr'>aeque</span> <span class='ocrx_word' id='word_1_12' title='bbox 1108 247 1280 298; x_wconf 80' lang='lat' dir='ltr'>disparet</span> 
     </span>
     <span class='ocr_line' id='line_1_3' title="bbox 80 312 1437 367; baseline -0.002 -14"><span class='ocrx_word' id='word_1_13' title='bbox 80 329 147 367; x_wconf 82' lang='lat'>550</span> <span class='ocrx_word' id='word_1_14' title='bbox 164 321 203 353; x_wconf 91' lang='lat' dir='ltr'>et</span> <span class='ocrx_word' id='word_1_15' title='bbox 223 313 307 353; x_wconf 87' lang='lat' dir='ltr'>dies</span> <span class='ocrx_word' id='word_1_16' title='bbox 328 313 348 352; x_wconf 78' lang='grc' dir='ltr'>έ</span> <span class='ocrx_word' id='word_1_17' title='bbox 369 321 486 352; x_wconf 83' lang='lat' dir='ltr'>nocte</span> <span class='ocrx_word' id='word_1_18' title='bbox 506 314 679 352; x_wconf 84' lang='lat' dir='ltr'>accedat.</span> <span class='ocrx_word' id='word_1_19' title='bbox 740 312 808 351; x_wconf 89' lang='lat' dir='ltr'>ibo</span> <span class='ocrx_word' id='word_1_20' title='bbox 828 320 866 351; x_wconf 88' lang='lat' dir='ltr'>et</span> <span class='ocrx_word' id='word_1_21' title='bbox 888 313 1131 351; x_wconf 86' lang='lat' dir='ltr'>Mercurium</span> <span class='ocrx_word' id='word_1_22' title='bbox 1153 325 1437 363; x_wconf 69' lang='lat' dir='ltr'>supsequar.—-</span> 
     </span>
    </p>
   </div>
   <div class='ocr_carea' id='block_1_3' title="bbox 652 513 993 561">
    <p class='ocr_par' dir='ltr' id='par_1_3' title="bbox 652 513 993 561">
     <span class='ocr_line' id='line_1_4' title="bbox 652 513 993 561; baseline -0.003 0"><span class='ocrx_word' id='word_1_23' title='bbox 652 513 890 561; x_wconf 83' lang='lat' dir='ltr'>ACTVS</span> <span class='ocrx_word' id='word_1_24' title='bbox 944 514 993 561; x_wconf 97' lang='grc' dir='ltr'>ΙΙ</span> 
     </span>
    </p>
   </div>
   <div class='ocr_carea' id='block_1_4' title="bbox 516 631 1602 673">
    <p class='ocr_par' dir='ltr' id='par_1_4' title="bbox 516 631 1602 673">
     <span class='ocr_line' id='line_1_5' title="bbox 516 631 1602 673; baseline 0.003 -5"><span class='ocrx_word' id='word_1_25' title='bbox 516 631 861 669; x_wconf 79' lang='lat' dir='ltr'><strong>AMPHITRVO</strong></span> <span class='ocrx_word' id='word_1_26' title='bbox 972 631 1137 669; x_wconf 77' lang='lat' dir='ltr'>SosrA</span> <span class='ocrx_word' id='word_1_27' title='bbox 1516 633 1602 673; x_wconf 92' lang='lat' dir='ltr'>II.i</span> 
     </span>
    </p>
   </div>
   <div class='ocr_carea' id='block_1_5' title="bbox 67 711 1548 2201">
    <p class='ocr_par' dir='ltr' id='par_1_5' title="bbox 160 711 1344 763">
     <span class='ocr_line' id='line_1_6' title="bbox 160 711 1344 763; baseline 0 -12"><span class='ocrx_word' id='word_1_28' title='bbox 160 714 243 752; x_wconf 88' lang='lat' dir='ltr'>AM.</span> <span class='ocrx_word' id='word_1_29' title='bbox 277 714 361 762; x_wconf 88' lang='lat' dir='ltr'>Age</span> <span class='ocrx_word' id='word_1_30' title='bbox 382 711 394 750; x_wconf 91' lang='lat' dir='ltr'>i</span> <span class='ocrx_word' id='word_1_31' title='bbox 414 719 456 750; x_wconf 89' lang='lat' dir='ltr'>tu</span> <span class='ocrx_word' id='word_1_32' title='bbox 478 713 708 751; x_wconf 85' lang='lat' dir='ltr'>secundum.</span> <span class='ocrx_word' id='word_1_33' title='bbox 769 713 833 751; x_wconf 87' lang='lat' dir='ltr'>So.</span> <span class='ocrx_word' id='word_1_34' title='bbox 867 714 1030 763; x_wconf 86' lang='lat' dir='ltr'>Sequor,</span> <span class='ocrx_word' id='word_1_35' title='bbox 1054 726 1274 763; x_wconf 83' lang='lat' dir='ltr'>supsequor</span> <span class='ocrx_word' id='word_1_36' title='bbox 1294 720 1344 751; x_wconf 89' lang='lat' dir='ltr'>te.</span> 
     </span>
    </p>

    <p class='ocr_par' dir='ltr' id='par_1_6' title="bbox 157 777 1453 957">
     <span class='ocr_line' id='line_1_7' title="bbox 159 777 1420 828; baseline 0.002 -13"><span class='ocrx_word' id='word_1_37' title='bbox 159 780 243 816; x_wconf 83' lang='lat' dir='ltr'>AM.</span> <span class='ocrx_word' id='word_1_38' title='bbox 275 777 610 816; x_wconf 85' lang='lat' dir='ltr'>scelestissumum</span> <span class='ocrx_word' id='word_1_39' title='bbox 631 785 669 816; x_wconf 87' lang='lat' dir='ltr'>te</span> <span class='ocrx_word' id='word_1_40' title='bbox 689 777 863 816; x_wconf 84' lang='lat' dir='ltr'>arbitror.</span> <span class='ocrx_word' id='word_1_41' title='bbox 923 780 988 816; x_wconf 86' lang='lat' dir='ltr'>So.</span> <span class='ocrx_word' id='word_1_42' title='bbox 1021 792 1113 816; x_wconf 83' lang='lat' dir='ltr'>nam</span> <span class='ocrx_word' id='word_1_43' title='bbox 1134 779 1420 828; x_wconf 83' lang='lat' dir='ltr'>quamobrem?</span> 
     </span>
     <span class='ocr_line' id='line_1_8' title="bbox 158 842 1453 893; baseline 0.002 -13"><span class='ocrx_word' id='word_1_44' title='bbox 158 844 241 881; x_wconf 87' lang='lat' dir='ltr'>AM.</span> <span class='ocrx_word' id='word_1_45' title='bbox 274 842 365 892; x_wconf 82' lang='lat' dir='ltr'>quia</span> <span class='ocrx_word' id='word_1_46' title='bbox 386 842 425 880; x_wconf 92' lang='lat' dir='ltr'>id</span> <span class='ocrx_word' id='word_1_47' title='bbox 447 843 556 892; x_wconf 85' lang='lat' dir='ltr'>quod</span> <span class='ocrx_word' id='word_1_48' title='bbox 577 855 707 892; x_wconf 83' lang='lat' dir='ltr'>neque</span> <span class='ocrx_word' id='word_1_49' title='bbox 728 850 786 880; x_wconf 83' lang='lat' dir='ltr'>est</span> <span class='ocrx_word' id='word_1_50' title='bbox 806 856 936 892; x_wconf 85' lang='lat' dir='ltr'>neque</span> <span class='ocrx_word' id='word_1_51' title='bbox 956 842 1028 880; x_wconf 88' lang='lat' dir='ltr'>fuit</span> <span class='ocrx_word' id='word_1_52' title='bbox 1048 856 1179 893; x_wconf 89' lang='lat' dir='ltr'>neque</span> <span class='ocrx_word' id='word_1_53' title='bbox 1200 844 1373 881; x_wconf 89' lang='lat' dir='ltr'>futurum</span> <span class='ocrx_word' id='word_1_54' title='bbox 1395 851 1453 883; x_wconf 85' lang='lat' dir='ltr'>est</span> 
     </span>
     <span class='ocr_line' id='line_1_9' title="bbox 157 906 1052 957; baseline 0.001 -13"><span class='ocrx_word' id='word_1_55' title='bbox 157 906 255 945; x_wconf 88' lang='lat' dir='ltr'>mihi</span> <span class='ocrx_word' id='word_1_56' title='bbox 274 906 488 957; x_wconf 80' lang='lat' dir='ltr'>praedicas.</span> <span class='ocrx_word' id='word_1_57' title='bbox 548 908 614 945; x_wconf 88' lang='lat' dir='ltr'>So.</span> <span class='ocrx_word' id='word_1_58' title='bbox 646 920 791 954; x_wconf 79' lang='lat' dir='ltr'>eccere,</span> <span class='ocrx_word' id='word_1_59' title='bbox 815 907 892 945; x_wconf 81' lang='lat' dir='ltr'>iarn</span> <span class='ocrx_word' id='word_1_60' title='bbox 913 907 1052 946; x_wconf 76' lang='lat' dir='ltr'>tuatim</span> 
     </span>
    </p>

    <p class='ocr_par' dir='ltr' id='par_1_7' title="bbox 72 971 1528 1283">
     <span class='ocr_line' id='line_1_10' title="bbox 72 971 1528 1023; baseline 0.001 -13"><span class='ocrx_word' id='word_1_61' title='bbox 72 979 135 1017; x_wconf 85' lang='grc'>555</span> <span class='ocrx_word' id='word_1_62' title='bbox 157 971 265 1020; x_wconf 80' lang='lat' dir='ltr'>facis,</span> <span class='ocrx_word' id='word_1_63' title='bbox 286 980 328 1010; x_wconf 90' lang='lat' dir='ltr'>ut</span> <span class='ocrx_word' id='word_1_64' title='bbox 348 972 424 1010; x_wconf 87' lang='lat' dir='ltr'>tuis</span> <span class='ocrx_word' id='word_1_65' title='bbox 447 973 552 1010; x_wconf 84' lang='lat' dir='ltr'>nulla</span> <span class='ocrx_word' id='word_1_66' title='bbox 572 973 678 1023; x_wconf 82' lang='lat' dir='ltr'>apud</span> <span class='ocrx_word' id='word_1_67' title='bbox 700 980 737 1011; x_wconf 89' lang='lat' dir='ltr'>te</span> <span class='ocrx_word' id='word_1_68' title='bbox 759 974 856 1011; x_wconf 83' lang='lat' dir='ltr'>fides</span> <span class='ocrx_word' id='word_1_69' title='bbox 878 973 937 1011; x_wconf 90' lang='lat' dir='ltr'>sit.</span> <span class='ocrx_word' id='word_1_70' title='bbox 1511 993 1528 1023; x_wconf 88' lang='lat'>5</span> 
     </span>
     <span class='ocr_line' id='line_1_11' title="bbox 156 1037 1488 1090; baseline 0.004 -15"><span class='ocrx_word' id='word_1_71' title='bbox 156 1039 240 1076; x_wconf 84' lang='lat' dir='ltr'>AM.</span> <span class='ocrx_word' id='word_1_72' title='bbox 272 1037 367 1087; x_wconf 90' lang='lat' dir='ltr'>quid</span> <span class='ocrx_word' id='word_1_73' title='bbox 381 1039 469 1076; x_wconf 86' lang='lat' dir='ltr'>est?</span> <span class='ocrx_word' id='word_1_74' title='bbox 489 1051 569 1088; x_wconf 89' lang='lat' dir='ltr'>quo</span> <span class='ocrx_word' id='word_1_75' title='bbox 587 1039 738 1076; x_wconf 89' lang='lat' dir='ltr'>modo?</span> <span class='ocrx_word' id='word_1_76' title='bbox 767 1038 844 1076; x_wconf 82' lang='lat' dir='ltr'>iam</span> <span class='ocrx_word' id='word_1_77' title='bbox 862 1038 1024 1088; x_wconf 88' lang='lat' dir='ltr'>quidem</span> <span class='ocrx_word' id='word_1_78' title='bbox 1041 1040 1172 1078; x_wconf 85' lang='lat' dir='ltr'>hercle</span> <span class='ocrx_word' id='word_1_79' title='bbox 1189 1053 1262 1090; x_wconf 85' lang='lat' dir='ltr'>ego</span> <span class='ocrx_word' id='word_1_80' title='bbox 1283 1040 1352 1079; x_wconf 87' lang='lat' dir='ltr'>tibi</span> <span class='ocrx_word' id='word_1_81' title='bbox 1374 1040 1488 1080; x_wconf 82' lang='lat' dir='ltr'>istam</span> 
     </span>
     <span class='ocr_line' id='line_1_12' title="bbox 155 1103 1335 1154; baseline 0.003 -14"><span class='ocrx_word' id='word_1_82' title='bbox 155 1104 372 1150; x_wconf 82' lang='lat' dir='ltr'>scelestam,</span> <span class='ocrx_word' id='word_1_83' title='bbox 395 1104 533 1150; x_wconf 76' lang='lat' dir='ltr'>scelus,</span> <span class='ocrx_word' id='word_1_84' title='bbox 556 1103 729 1153; x_wconf 81' lang='lat' dir='ltr'>linguam</span> <span class='ocrx_word' id='word_1_85' title='bbox 751 1104 965 1153; x_wconf 77' lang='lat' dir='ltr'>apscidam.</span> <span class='ocrx_word' id='word_1_86' title='bbox 1026 1106 1089 1143; x_wconf 86' lang='lat' dir='ltr'>So.</span> <span class='ocrx_word' id='word_1_87' title='bbox 1123 1113 1211 1143; x_wconf 81' lang='lat' dir='ltr'>tuos</span> <span class='ocrx_word' id='word_1_88' title='bbox 1233 1119 1335 1154; x_wconf 85' lang='lat' dir='ltr'>Sum,</span> 
     </span>
     <span class='ocr_line' id='line_1_13' title="bbox 153 1167 1248 1219; baseline 0.003 -14"><span class='ocrx_word' id='word_1_89' title='bbox 153 1167 319 1218; x_wconf 89' lang='lat' dir='ltr'>proinde</span> <span class='ocrx_word' id='word_1_90' title='bbox 340 1175 382 1206; x_wconf 90' lang='lat' dir='ltr'>ut</span> <span class='ocrx_word' id='word_1_91' title='bbox 403 1169 699 1207; x_wconf 86' lang='lat' dir='ltr'>commodumst</span> <span class='ocrx_word' id='word_1_92' title='bbox 720 1176 757 1206; x_wconf 82' lang='lat' dir='ltr'>et</span> <span class='ocrx_word' id='word_1_93' title='bbox 778 1168 887 1207; x_wconf 88' lang='lat' dir='ltr'>lubet</span> <span class='ocrx_word' id='word_1_94' title='bbox 908 1169 1084 1219; x_wconf 87' lang='lat' dir='ltr'>quidque</span> <span class='ocrx_word' id='word_1_95' title='bbox 1104 1169 1224 1208; x_wconf 77' lang='lat' dir='ltr'>facias</span> <span class='ocrx_word' id='word_1_96' title='bbox 1238 1185 1248 1218; x_wconf 79' lang='lat'><em>3</em></span> 
     </span>
     <span class='ocr_line' id='line_1_14' title="bbox 154 1233 1088 1283; baseline 0.002 -13"><span class='ocrx_word' id='word_1_97' title='bbox 154 1241 287 1271; x_wconf 82' lang='lat' dir='ltr'>tamen</span> <span class='ocrx_word' id='word_1_98' title='bbox 308 1233 404 1283; x_wconf 88' lang='lat' dir='ltr'>quin</span> <span class='ocrx_word' id='word_1_99' title='bbox 425 1235 563 1283; x_wconf 83' lang='lat' dir='ltr'>loquar</span> <span class='ocrx_word' id='word_1_100' title='bbox 583 1234 682 1272; x_wconf 85' lang='lat' dir='ltr'>haec</span> <span class='ocrx_word' id='word_1_101' title='bbox 703 1233 759 1272; x_wconf 86' lang='lat' dir='ltr'>uti</span> <span class='ocrx_word' id='word_1_102' title='bbox 780 1235 881 1272; x_wconf 77' lang='lat' dir='ltr'>facta</span> <span class='ocrx_word' id='word_1_103' title='bbox 902 1242 992 1272; x_wconf 86' lang='lat' dir='ltr'>sunt</span> <span class='ocrx_word' id='word_1_104' title='bbox 1013 1234 1088 1281; x_wconf 87' lang='lat' dir='ltr'>hic,</span> 
     </span>
    </p>

    <p class='ocr_par' dir='ltr' id='par_1_8' title="bbox 68 1299 1548 1479">
     <span class='ocr_line' id='line_1_15' title="bbox 68 1299 1548 1349; baseline 0.003 -14"><span class='ocrx_word' id='word_1_105' title='bbox 68 1302 136 1347; x_wconf 83' lang='lat'>560</span> <span class='ocrx_word' id='word_1_106' title='bbox 155 1311 372 1347; x_wconf 81' lang='lat' dir='ltr'>numquam</span> <span class='ocrx_word' id='word_1_107' title='bbox 394 1299 474 1336; x_wconf 86' lang='lat' dir='ltr'>ullo</span> <span class='ocrx_word' id='word_1_108' title='bbox 496 1299 618 1336; x_wconf 90' lang='lat' dir='ltr'>modo</span> <span class='ocrx_word' id='word_1_109' title='bbox 639 1312 703 1336; x_wconf 91' lang='lat' dir='ltr'>me</span> <span class='ocrx_word' id='word_1_110' title='bbox 723 1306 835 1349; x_wconf 86' lang='lat' dir='ltr'>potes</span> <span class='ocrx_word' id='word_1_111' title='bbox 857 1300 1061 1338; x_wconf 88' lang='lat' dir='ltr'>deterrere.</span> <span class='ocrx_word' id='word_1_112' title='bbox 1511 1318 1548 1339; x_wconf 90' lang='lat'>10</span> 
     </span>
     <span class='ocr_line' id='line_1_16' title="bbox 154 1362 1154 1413; baseline 0.003 -13"><span class='ocrx_word' id='word_1_113' title='bbox 154 1365 236 1401; x_wconf 84' lang='lat' dir='ltr'>AM.</span> <span class='ocrx_word' id='word_1_114' title='bbox 270 1362 569 1410; x_wconf 84' lang='lat' dir='ltr'>scelestissume,</span> <span class='ocrx_word' id='word_1_115' title='bbox 592 1365 714 1402; x_wconf 82' lang='lat' dir='ltr'>audes</span> <span class='ocrx_word' id='word_1_116' title='bbox 736 1363 832 1401; x_wconf 86' lang='lat' dir='ltr'>mihi</span> <span class='ocrx_word' id='word_1_117' title='bbox 853 1364 1079 1413; x_wconf 84' lang='lat' dir='ltr'>praedicare</span> <span class='ocrx_word' id='word_1_118' title='bbox 1100 1365 1154 1413; x_wconf 89' lang='lat' dir='ltr'>id,</span> 
     </span>
     <span class='ocr_line' id='line_1_17' title="bbox 154 1427 1244 1479; baseline 0.004 -13"><span class='ocrx_word' id='word_1_119' title='bbox 154 1427 262 1466; x_wconf 87' lang='lat' dir='ltr'>dorni</span> <span class='ocrx_word' id='word_1_120' title='bbox 284 1435 321 1466; x_wconf 86' lang='lat' dir='ltr'>te</span> <span class='ocrx_word' id='word_1_121' title='bbox 343 1441 428 1467; x_wconf 83' lang='lat' dir='ltr'>esse</span> <span class='ocrx_word' id='word_1_122' title='bbox 449 1442 555 1467; x_wconf 89' lang='lat' dir='ltr'>nunc</span> <span class='ocrx_word' id='word_1_123' title='bbox 577 1428 644 1479; x_wconf 89' lang='lat' dir='ltr'>qui</span> <span class='ocrx_word' id='word_1_124' title='bbox 666 1428 730 1467; x_wconf 91' lang='lat' dir='ltr'>hic</span> <span class='ocrx_word' id='word_1_125' title='bbox 751 1430 875 1467; x_wconf 83' lang='lat' dir='ltr'>ades?</span> <span class='ocrx_word' id='word_1_126' title='bbox 933 1431 997 1468; x_wconf 88' lang='lat' dir='ltr'>So.</span> <span class='ocrx_word' id='word_1_127' title='bbox 1029 1444 1122 1469; x_wconf 80' lang='lat' dir='ltr'>uera</span> <span class='ocrx_word' id='word_1_128' title='bbox 1143 1431 1244 1470; x_wconf 84' lang='lat' dir='ltr'>dico.</span> 
     </span>
    </p>

    <p class='ocr_par' dir='ltr' id='par_1_9' title="bbox 152 1494 1260 1607">
     <span class='ocr_line' id='line_1_18' title="bbox 152 1494 1260 1546; baseline 0.003 -15"><span class='ocrx_word' id='word_1_129' title='bbox 152 1496 235 1531; x_wconf 84' lang='lat' dir='ltr'>AM.</span> <span class='ocrx_word' id='word_1_130' title='bbox 269 1495 415 1532; x_wconf 82' lang='lat' dir='ltr'>malum</span> <span class='ocrx_word' id='word_1_131' title='bbox 437 1495 546 1544; x_wconf 90' lang='lat' dir='ltr'>quod</span> <span class='ocrx_word' id='word_1_132' title='bbox 567 1494 638 1532; x_wconf 88' lang='lat' dir='ltr'>tibi</span> <span class='ocrx_word' id='word_1_133' title='bbox 659 1494 699 1533; x_wconf 89' lang='lat' dir='ltr'>di</span> <span class='ocrx_word' id='word_1_134' title='bbox 720 1495 883 1542; x_wconf 79' lang='lat' dir='ltr'>dabunt,</span> <span class='ocrx_word' id='word_1_135' title='bbox 906 1503 1025 1545; x_wconf 83' lang='lat' dir='ltr'>atque</span> <span class='ocrx_word' id='word_1_136' title='bbox 1046 1509 1119 1546; x_wconf 84' lang='lat' dir='ltr'>ego</span> <span class='ocrx_word' id='word_1_137' title='bbox 1140 1497 1260 1535; x_wconf 91' lang='lat' dir='ltr'>hodie</span> 
     </span>
     <span class='ocr_line' id='line_1_19' title="bbox 154 1559 1213 1607; baseline 0.003 -10"><span class='ocrx_word' id='word_1_138' title='bbox 154 1559 270 1597; x_wconf 84' lang='lat' dir='ltr'>dabo.</span> <span class='ocrx_word' id='word_1_139' title='bbox 330 1560 394 1597; x_wconf 89' lang='lat' dir='ltr'>So.</span> <span class='ocrx_word' id='word_1_140' title='bbox 428 1559 527 1597; x_wconf 87' lang='lat' dir='ltr'>istuc</span> <span class='ocrx_word' id='word_1_141' title='bbox 549 1559 656 1598; x_wconf 86' lang='lat' dir='ltr'>tibist</span> <span class='ocrx_word' id='word_1_142' title='bbox 677 1560 716 1597; x_wconf 87' lang='lat' dir='ltr'>in</span> <span class='ocrx_word' id='word_1_143' title='bbox 739 1573 869 1607; x_wconf 82' lang='lat' dir='ltr'>manu,</span> <span class='ocrx_word' id='word_1_144' title='bbox 893 1574 984 1598; x_wconf 81' lang='lat' dir='ltr'>nam</span> <span class='ocrx_word' id='word_1_145' title='bbox 1006 1568 1094 1599; x_wconf 86' lang='lat' dir='ltr'>tuos</span> <span class='ocrx_word' id='word_1_146' title='bbox 1115 1575 1213 1600; x_wconf 85' lang='lat' dir='ltr'>sum.</span> 
     </span>
    </p>

    <p class='ocr_par' dir='ltr' id='par_1_10' title="bbox 69 1625 1546 1862">
     <span class='ocr_line' id='line_1_20' title="bbox 69 1625 1546 1673; baseline 0.003 -13"><span class='ocrx_word' id='word_1_147' title='bbox 69 1625 133 1671; x_wconf 88' lang='grc'>565</span> <span class='ocrx_word' id='word_1_148' title='bbox 154 1626 236 1662; x_wconf 84' lang='grc' dir='ltr'>ΑΜ.</span> <span class='ocrx_word' id='word_1_149' title='bbox 269 1632 339 1663; x_wconf 90' lang='lat' dir='ltr'>tun</span> <span class='ocrx_word' id='word_1_150' title='bbox 360 1639 433 1672; x_wconf 89' lang='lat' dir='ltr'>me,</span> <span class='ocrx_word' id='word_1_151' title='bbox 458 1626 635 1672; x_wconf 85' lang='lat' dir='ltr'>uerbero,</span> <span class='ocrx_word' id='word_1_152' title='bbox 657 1626 780 1663; x_wconf 82' lang='lat' dir='ltr'>audes</span> <span class='ocrx_word' id='word_1_153' title='bbox 802 1639 911 1664; x_wconf 89' lang='lat' dir='ltr'>erum</span> <span class='ocrx_word' id='word_1_154' title='bbox 933 1625 1154 1664; x_wconf 82' lang='lat' dir='ltr'>ludificari?</span> <span class='ocrx_word' id='word_1_155' title='bbox 1509 1641 1546 1673; x_wconf 87' lang='lat'>15</span> 
     </span>
     <span class='ocr_line' id='line_1_21' title="bbox 154 1690 1433 1742; baseline 0.003 -14"><span class='ocrx_word' id='word_1_156' title='bbox 154 1697 249 1729; x_wconf 88' lang='lat' dir='ltr'>tune</span> <span class='ocrx_word' id='word_1_157' title='bbox 270 1690 309 1729; x_wconf 87' lang='lat' dir='ltr'>id</span> <span class='ocrx_word' id='word_1_158' title='bbox 330 1691 461 1730; x_wconf 86' lang='lat' dir='ltr'>dicere</span> <span class='ocrx_word' id='word_1_159' title='bbox 482 1693 615 1738; x_wconf 82' lang='lat' dir='ltr'>audes,</span> <span class='ocrx_word' id='word_1_160' title='bbox 640 1693 749 1742; x_wconf 85' lang='lat' dir='ltr'>quod</span> <span class='ocrx_word' id='word_1_161' title='bbox 770 1704 889 1729; x_wconf 89' lang='lat' dir='ltr'>nemo</span> <span class='ocrx_word' id='word_1_162' title='bbox 910 1704 1100 1742; x_wconf 85' lang='lat' dir='ltr'>umquam</span> <span class='ocrx_word' id='word_1_163' title='bbox 1121 1692 1243 1730; x_wconf 86' lang='lat' dir='ltr'>homo</span> <span class='ocrx_word' id='word_1_164' title='bbox 1263 1694 1433 1732; x_wconf 82' lang='lat' dir='ltr'>antehac</span> 
     </span>
     <span class='ocr_line' id='line_1_22' title="bbox 154 1756 915 1808; baseline 0.003 -15"><span class='ocrx_word' id='word_1_165' title='bbox 154 1756 253 1794; x_wconf 87' lang='lat' dir='ltr'>uidit</span> <span class='ocrx_word' id='word_1_166' title='bbox 274 1770 347 1795; x_wconf 90' lang='lat' dir='ltr'>nec</span> <span class='ocrx_word' id='word_1_167' title='bbox 367 1765 498 1808; x_wconf 85' lang='lat' dir='ltr'>potest</span> <span class='ocrx_word' id='word_1_168' title='bbox 518 1758 610 1804; x_wconf 88' lang='lat' dir='ltr'>fieri,</span> <span class='ocrx_word' id='word_1_169' title='bbox 635 1766 813 1808; x_wconf 85' lang='lat' dir='ltr'>tempore</span> <span class='ocrx_word' id='word_1_170' title='bbox 834 1771 915 1796; x_wconf 91' lang='lat' dir='ltr'>uno</span> 
     </span>
     <span class='ocr_line' id='line_1_23' title="bbox 154 1822 997 1862; baseline 0.004 -3"><span class='ocrx_word' id='word_1_171' title='bbox 154 1823 276 1860; x_wconf 89' lang='lat' dir='ltr'>homo</span> <span class='ocrx_word' id='word_1_172' title='bbox 296 1822 402 1861; x_wconf 89' lang='lat' dir='ltr'>idem</span> <span class='ocrx_word' id='word_1_173' title='bbox 423 1823 581 1862; x_wconf 84' lang='lat' dir='ltr'>duobus</span> <span class='ocrx_word' id='word_1_174' title='bbox 601 1823 698 1861; x_wconf 86' lang='lat' dir='ltr'>locis</span> <span class='ocrx_word' id='word_1_175' title='bbox 719 1831 761 1861; x_wconf 86' lang='lat' dir='ltr'>ut</span> <span class='ocrx_word' id='word_1_176' title='bbox 782 1823 897 1861; x_wconf 87' lang='lat' dir='ltr'>simul</span> <span class='ocrx_word' id='word_1_177' title='bbox 919 1823 997 1862; x_wconf 86' lang='lat' dir='ltr'>sit?</span> 
     </span>
    </p>

    <p class='ocr_par' dir='ltr' id='par_1_11' title="bbox 154 1888 1306 1940">
     <span class='ocr_line' id='line_1_24' title="bbox 154 1888 1306 1940; baseline 0.002 -14"><span class='ocrx_word' id='word_1_178' title='bbox 154 1888 219 1926; x_wconf 88' lang='lat' dir='ltr'>So.</span> <span class='ocrx_word' id='word_1_179' title='bbox 251 1890 428 1938; x_wconf 89' lang='lat' dir='ltr'>profecto</span> <span class='ocrx_word' id='word_1_180' title='bbox 448 1896 490 1927; x_wconf 92' lang='lat' dir='ltr'>ut</span> <span class='ocrx_word' id='word_1_181' title='bbox 511 1890 652 1939; x_wconf 86' lang='lat' dir='ltr'>loquor</span> <span class='ocrx_word' id='word_1_182' title='bbox 672 1902 731 1927; x_wconf 85' lang='lat' dir='ltr'>res</span> <span class='ocrx_word' id='word_1_183' title='bbox 752 1889 805 1927; x_wconf 82' lang='lat' dir='ltr'>ita</span> <span class='ocrx_word' id='word_1_184' title='bbox 825 1896 893 1927; x_wconf 85' lang='lat' dir='ltr'>est.</span> <span class='ocrx_word' id='word_1_185' title='bbox 954 1891 1035 1927; x_wconf 69' lang='lat' dir='ltr'>AM.</span> <span class='ocrx_word' id='word_1_186' title='bbox 1070 1889 1247 1940; x_wconf 86' lang='lat' dir='ltr'>Iuppiter</span> <span class='ocrx_word' id='word_1_187' title='bbox 1267 1897 1306 1928; x_wconf 87' lang='lat' dir='ltr'>te</span> 
     </span>
    </p>

    <p class='ocr_par' dir='ltr' id='par_1_12' title="bbox 67 1954 1547 2005">
     <span class='ocr_line' id='line_1_25' title="bbox 67 1954 1547 2005; baseline 0.001 -13"><span class='ocrx_word' id='word_1_188' title='bbox 67 1964 137 2003; x_wconf 86' lang='lat'>570</span> <span class='ocrx_word' id='word_1_189' title='bbox 154 1955 302 2004; x_wconf 82' lang='lat' dir='ltr'>perdat.</span> <span class='ocrx_word' id='word_1_190' title='bbox 362 1955 426 1993; x_wconf 89' lang='lat' dir='ltr'>So.</span> <span class='ocrx_word' id='word_1_191' title='bbox 459 1954 556 2004; x_wconf 88' lang='lat' dir='ltr'>quid</span> <span class='ocrx_word' id='word_1_192' title='bbox 578 1954 668 1992; x_wconf 83' lang='lat' dir='ltr'>mali</span> <span class='ocrx_word' id='word_1_193' title='bbox 691 1968 789 2002; x_wconf 85' lang='lat' dir='ltr'>sum,</span> <span class='ocrx_word' id='word_1_194' title='bbox 813 1969 887 2002; x_wconf 90' lang='lat' dir='ltr'>ere,</span> <span class='ocrx_word' id='word_1_195' title='bbox 911 1962 977 1992; x_wconf 78' lang='lat' dir='ltr'>tua</span> <span class='ocrx_word' id='word_1_196' title='bbox 998 1968 1044 1993; x_wconf 74' lang='lat' dir='ltr'>ex</span> <span class='ocrx_word' id='word_1_197' title='bbox 1066 1969 1105 1993; x_wconf 84' lang='lat' dir='ltr'>re</span> <span class='ocrx_word' id='word_1_198' title='bbox 1126 1955 1390 2005; x_wconf 81' lang='lat' dir='ltr'>promeritus?</span> <span class='ocrx_word' id='word_1_199' title='bbox 1507 1972 1547 1994; x_wconf 87' lang='lat'>20</span> 
     </span>
    </p>

    <p class='ocr_par' dir='ltr' id='par_1_13' title="bbox 153 2019 1254 2201">
     <span class='ocr_line' id='line_1_26' title="bbox 154 2019 1243 2070; baseline 0.001 -13"><span class='ocrx_word' id='word_1_200' title='bbox 154 2020 236 2057; x_wconf 89' lang='lat' dir='ltr'>AM.</span> <span class='ocrx_word' id='word_1_201' title='bbox 269 2032 444 2070; x_wconf 83' lang='lat' dir='ltr'>rogasne,</span> <span class='ocrx_word' id='word_1_202' title='bbox 468 2019 645 2070; x_wconf 89' lang='lat' dir='ltr'>inprobe,</span> <span class='ocrx_word' id='word_1_203' title='bbox 670 2020 787 2058; x_wconf 84' lang='lat' dir='ltr'>etiam</span> <span class='ocrx_word' id='word_1_204' title='bbox 810 2020 876 2070; x_wconf 86' lang='lat' dir='ltr'>qui</span> <span class='ocrx_word' id='word_1_205' title='bbox 898 2021 1014 2059; x_wconf 80' lang='lat' dir='ltr'>ludos</span> <span class='ocrx_word' id='word_1_206' title='bbox 1035 2020 1129 2058; x_wconf 81' lang='lat' dir='ltr'>facis</span> <span class='ocrx_word' id='word_1_207' title='bbox 1150 2022 1243 2058; x_wconf 85' lang='lat' dir='ltr'>me?</span> 
     </span>
     <span class='ocr_line' id='line_1_27' title="bbox 206 2085 1254 2134; baseline 0.001 -12"><span class='ocrx_word' id='word_1_208' title='bbox 206 2085 271 2123; x_wconf 89' lang='lat' dir='ltr'>So.</span> <span class='ocrx_word' id='word_1_209' title='bbox 304 2085 443 2123; x_wconf 89' lang='lat' dir='ltr'>merito</span> <span class='ocrx_word' id='word_1_210' title='bbox 465 2085 676 2124; x_wconf 83' lang='lat' dir='ltr'>maledicas</span> <span class='ocrx_word' id='word_1_211' title='bbox 699 2085 806 2134; x_wconf 87' lang='lat' dir='ltr'>mihi,</span> <span class='ocrx_word' id='word_1_212' title='bbox 830 2086 861 2124; x_wconf 84' lang='lat' dir='ltr'>si</span> <span class='ocrx_word' id='word_1_213' title='bbox 882 2085 922 2124; x_wconf 91' lang='lat' dir='ltr'>id</span> <span class='ocrx_word' id='word_1_214' title='bbox 944 2085 997 2123; x_wconf 82' lang='lat' dir='ltr'>ita</span> <span class='ocrx_word' id='word_1_215' title='bbox 1017 2087 1163 2124; x_wconf 78' lang='lat' dir='ltr'>factum</span> <span class='ocrx_word' id='word_1_216' title='bbox 1186 2093 1254 2124; x_wconf 82' lang='lat' dir='ltr'>est.</span> 
     </span>
     <span class='ocr_line' id='line_1_28' title="bbox 153 2150 1104 2201; baseline 0.002 -14"><span class='ocrx_word' id='word_1_217' title='bbox 153 2162 289 2187; x_wconf 91' lang='lat' dir='ltr'>uerum</span> <span class='ocrx_word' id='word_1_218' title='bbox 326 2151 404 2188; x_wconf 83' lang='lat' dir='ltr'>hau</span> <span class='ocrx_word' id='word_1_219' title='bbox 440 2150 619 2198; x_wconf 88' lang='lat' dir='ltr'>mentior,</span> <span class='ocrx_word' id='word_1_220' title='bbox 643 2164 783 2201; x_wconf 89' lang='lat' dir='ltr'>resque</span> <span class='ocrx_word' id='word_1_221' title='bbox 805 2151 860 2190; x_wconf 88' lang='lat' dir='ltr'>uti</span> <span class='ocrx_word' id='word_1_222' title='bbox 881 2153 983 2193; x_wconf 82' lang='lat' dir='ltr'>facta</span> <span class='ocrx_word' id='word_1_223' title='bbox 1004 2151 1104 2190; x_wconf 88' lang='lat' dir='ltr'>dico.</span> 
     </span>
    </p>
   </div>
   <div class='ocr_carea' id='block_1_6' title="bbox 196 2253 1481 2295">
    <p class='ocr_par' dir='ltr' id='par_1_14' title="bbox 196 2253 1481 2295">
     <span class='ocr_line' id='line_1_29' title="bbox 196 2253 1481 2295; baseline 0.002 -12"><span class='ocrx_word' id='word_1_224' title='bbox 196 2262 261 2292; x_wconf 85' lang='lat'>549</span> <span class='ocrx_word' id='word_1_225' title='bbox 274 2253 357 2294; x_wconf 86' lang='lat' dir='ltr'><em>sort.</em></span> <span class='ocrx_word' id='word_1_226' title='bbox 382 2254 552 2293; x_wconf 83' lang='lat' dir='ltr'>disparem</span> <span class='ocrx_word' id='word_1_227' title='bbox 577 2254 711 2293; x_wconf 80' lang='lat' dir='ltr'>(Journ.</span> <span class='ocrx_word' id='word_1_228' title='bbox 736 2254 822 2285; x_wconf 83' lang='lat' dir='ltr'><em>Pln&#39;l.</em></span> <span class='ocrx_word' id='word_1_229' title='bbox 848 2256 901 2294; x_wconf 79' lang='lat'>26,</span> <span class='ocrx_word' id='word_1_230' title='bbox 928 2254 1019 2295; x_wconf 87' lang='grc'>292),</span> <span class='ocrx_word' id='word_1_231' title='bbox 1043 2254 1099 2284; x_wconf 80' lang='lat' dir='ltr'>sed</span> <span class='ocrx_word' id='word_1_232' title='bbox 1119 2255 1158 2293; x_wconf 87' lang='lat' dir='ltr'>cf.</span> <span class='ocrx_word' id='word_1_233' title='bbox 1178 2253 1243 2284; x_wconf 85' lang='lat' dir='ltr'>Leo</span> <span class='ocrx_word' id='word_1_234' title='bbox 1267 2254 1398 2295; x_wconf 79' lang='lat' dir='ltr'>(Herm.</span> <span class='ocrx_word' id='word_1_235' title='bbox 1433 2255 1481 2293; x_wconf 91' lang='lat'>18,</span> 
     </span>
    </p>
   </div>
   <div class='ocr_carea' id='block_1_7' title="bbox 154 2296 1483 2427">
    <p class='ocr_par' dir='ltr' id='par_1_15' title="bbox 154 2296 1483 2427">
     <span class='ocr_line' id='line_1_30' title="bbox 154 2296 1482 2338; baseline 0.002 -12"><span class='ocrx_word' id='word_1_236' title='bbox 154 2297 231 2336; x_wconf 79' lang='lat'><strong>572)</strong></span> <span class='ocrx_word' id='word_1_237' title='bbox 363 2306 427 2335; x_wconf 86' lang='grc'>550</span> <span class='ocrx_word' id='word_1_238' title='bbox 450 2307 575 2336; x_wconf 83' lang='lat' dir='ltr'>sequar</span> <span class='ocrx_word' id='word_1_239' title='bbox 591 2296 666 2337; x_wconf 81' lang='lat' dir='ltr'>Leo,</span> <span class='ocrx_word' id='word_1_240' title='bbox 687 2298 838 2338; x_wconf 78' lang='lat' dir='ltr'>rhythmo</span> <span class='ocrx_word' id='word_1_241' title='bbox 854 2299 1024 2329; x_wconf 82' lang='lat' dir='ltr'>consulens</span> <span class='ocrx_word' id='word_1_242' title='bbox 1155 2308 1218 2336; x_wconf 85' lang='lat'>554</span> <span class='ocrx_word' id='word_1_243' title='bbox 1242 2302 1390 2328; x_wconf 85' lang='lat' dir='ltr'>tuautem</span> <span class='ocrx_word' id='word_1_244' title='bbox 1417 2298 1482 2329; x_wconf 85' lang='lat' dir='ltr'>cod.</span> 
     </span>
     <span class='ocr_line' id='line_1_31' title="bbox 156 2339 1479 2383; baseline 0.001 -13"><span class='ocrx_word' id='word_1_245' title='bbox 156 2339 193 2379; x_wconf 87' lang='lat' dir='ltr'>(i.</span> <span class='ocrx_word' id='word_1_246' title='bbox 210 2342 242 2381; x_wconf 92' lang='lat'>7)</span> <span class='ocrx_word' id='word_1_247' title='bbox 259 2351 266 2371; x_wconf 79' lang='lat' dir='ltr'><em>t</em></span> <span class='ocrx_word' id='word_1_248' title='bbox 291 2344 457 2371; x_wconf 79' lang='lat' dir='ltr'>testantur</span> <span class='ocrx_word' id='word_1_249' title='bbox 469 2342 586 2371; x_wconf 82' lang='lat' dir='ltr'>tuatim</span> <span class='ocrx_word' id='word_1_250' title='bbox 604 2341 747 2373; x_wconf 79' lang='lat' dir='ltr'>Sisenna</span> <span class='ocrx_word' id='word_1_251' title='bbox 764 2347 816 2383; x_wconf 79' lang='lat' dir='ltr'>ap.</span> <span class='ocrx_word' id='word_1_252' title='bbox 840 2342 1030 2372; x_wconf 78' lang='lat' dir='ltr'>Charisimn</span> <span class='ocrx_word' id='word_1_253' title='bbox 1048 2352 1122 2380; x_wconf 74' lang='lat'>221,</span> <span class='ocrx_word' id='word_1_254' title='bbox 1140 2341 1269 2371; x_wconf 79' lang='lat' dir='ltr'><em>Nonius</em></span> <span class='ocrx_word' id='word_1_255' title='bbox 1289 2352 1358 2381; x_wconf 82' lang='lat'>179,</span> <span class='ocrx_word' id='word_1_256' title='bbox 1377 2341 1479 2372; x_wconf 83' lang='lat' dir='ltr'><em>Gloss.</em></span> 
     </span>
     <span class='ocr_line' id='line_1_32' title="bbox 156 2382 1483 2427; baseline 0.001 -14"><span class='ocrx_word' id='word_1_257' title='bbox 156 2382 265 2414; x_wconf 78' lang='lat' dir='ltr'>Plaut.</span> <span class='ocrx_word' id='word_1_258' title='bbox 380 2393 444 2424; x_wconf 87' lang='lat'>555</span> <span class='ocrx_word' id='word_1_259' title='bbox 468 2385 550 2415; x_wconf 88' lang='lat' dir='ltr'>facis</span> <span class='ocrx_word' id='word_1_260' title='bbox 575 2389 610 2415; x_wconf 89' lang='lat' dir='ltr'>tu</span> <span class='ocrx_word' id='word_1_261' title='bbox 635 2384 777 2425; x_wconf 80' lang='lat' dir='ltr'>Brunck,</span> <span class='ocrx_word' id='word_1_262' title='bbox 797 2386 946 2418; x_wconf 69' lang='lat' dir='ltr'>cuisacis</span> <span class='ocrx_word' id='word_1_263' title='bbox 972 2385 1111 2427; x_wconf 78' lang='lat' dir='ltr'>displicet</span> <span class='ocrx_word' id='word_1_264' title='bbox 1165 2384 1213 2414; x_wconf 83' lang='lat' dir='ltr'>vel</span> <span class='ocrx_word' id='word_1_265' title='bbox 1230 2386 1276 2415; x_wconf 87' lang='lat' dir='ltr'>uti</span> <span class='ocrx_word' id='word_1_266' title='bbox 1337 2385 1421 2416; x_wconf 82' lang='lat' dir='ltr'>fides</span> <span class='ocrx_word' id='word_1_267' title='bbox 1440 2386 1483 2415; x_wconf 81' lang='lat' dir='ltr'>sit</span> 
     </span>
    </p>
   </div>
   <div class='ocr_carea' id='block_1_8' title="bbox 157 2426 571 2459">
    <p class='ocr_par' dir='ltr' id='par_1_16' title="bbox 157 2426 571 2459">
     <span class='ocr_line' id='line_1_33' title="bbox 157 2426 571 2459; baseline 0.002 -2"><span class='ocrx_word' id='word_1_268' title='bbox 157 2426 310 2458; x_wconf 72' lang='lat' dir='ltr'>Guietus:</span> <span class='ocrx_word' id='word_1_269' title='bbox 343 2428 387 2458; x_wconf 85' lang='lat' dir='ltr'>sit</span> <span class='ocrx_word' id='word_1_270' title='bbox 405 2428 491 2459; x_wconf 89' lang='lat' dir='ltr'>fides</span> <span class='ocrx_word' id='word_1_271' title='bbox 507 2428 571 2459; x_wconf 87' lang='lat' dir='ltr'>cod.</span> 
     </span>
    </p>
   </div>
  </div>
 </body>
</html>
