1727 2702
153 116 229 154 ΙΙΙ.
250 116 338 153 iva
674 117 721 156 T.
751 116 933 156 MACCI
966 117 1168 155 PLAVTI

251 239 347 274 reor,
370 234 576 277 peccatum
598 225 762 277 largiter.
821 228 890 265 PE.
922 225 1045 265 immo
1065 227 1162 266 haec
1182 233 1276 265 east.
1600 219 1693 278 485¹!

250 306 341 331 nam
363 305 518 331 seruom
540 291 628 330 misi
649 291 717 341 qui
737 291 846 330 illum
868 291 1006 331 sectari
1026 293 1126 331 solet
1671 282 1694 290 .,

249 371 382 396 meum
403 357 565 406 gnatum
583 372 589 394 :
620 356 652 395 is
672 356 756 407 ipse
777 357 880 395 hanc
899 355 1114 395 destinauit
1134 355 1347 395 fidicinam.

251 423 323 460 M1.
356 435 418 460 em
441 421 526 459 istic
547 422 670 460 homo
691 428 729 460 te
748 420 982 459 articulatim
1003 419 1188 468 concidit,
1210 433 1340 467 senex,

191 499 226 531 15
248 489 328 526 tuo'
349 499 492 525 seruos.
554 487 622 524 PE.
654 485 751 535 quid
774 484 1020 524 ‘concidit’?
1078 486 1151 523 Mi.
1183 484 1238 523 sic
1258 484 1480 535 suspiciost,

248 564 340 589 nam
362 564 431 602 pro
452 549 612 589 fidicina
632 551 729 589 haec
749 563 866 589 cerua
886 549 1089 600 supposita
1109 557 1167 588 est
1187 549 1268 588 tibi.
1599 563 1685 598 490»

248 629 377 662 senex,
401 615 471 653 tibi
492 628 536 654 os
557 622 616 654 est
637 614 824 654 sublitum
846 616 963 666 plane
984 622 1022 653 et
1042 614 1175 665 probe.
1670 598 1675 609 .

248 693 321 731 ego
343 680 447 718 indm
468 679 661 729 requiram
685 679 760 718 iam
785 678 852 718 ubi
875 678 943 718 ubi
964 686 1033 718 est.
1093 679 1270 727 bellator,
1289 681 1442 718 nale.—

250 747 318 783 PE.
351 757 484 794 eugae,
507 747 651 795 eugae!
685 744 865 794 Epidice,
886 744 1025 794 frugi's,
1048 745 1240 795 pugnasti,
1262 745 1384 783 homo
1404 758 1457 792 es,

190 825 230 847 20
249 810 315 861 qui
338 823 400 848 me
421 808 629 848 emunxisti
651 808 866 856 mucidum,
889 808 1041 847 minimi
1060 808 1170 859 preti.

250 882 443 914 mercatus
465 883 502 914 te
522 874 642 913 hodie
663 882 721 913 est
742 876 792 913 de
813 876 957 913 lenone
977 874 1231 925 Apoecides?
1597 886 1663 924 495

250 943 307 979 F1.
339 941 460 979 fando
481 953 554 990 ego
574 939 702 978 istunc
725 940 928 978 hominem
957 953 1174 990 numquam
1201 939 1337 979 audiui
1361 947 1454 978 ante
1473 941 1579 978 hunc
1667 939 1669 943 '

1473 1004 1579 1043 diem

247 1084 376 1122 neque
398 1084 460 1110 me
481 1069 642 1121 quidem
665 1083 794 1110 emere
816 1070 1025 1121 quisquam
1046 1071 1125 1108 ulla
1144 1069 1313 1120 pecunia

247 1136 398 1188 potuit:
427 1137 516 1187 plus
536 1135 613 1174 iam
635 1149 720 1174 sum
743 1136 865 1175 libera
884 1135 1211 1186 quinquennium.

188 1212 229 1244 25
250 1203 317 1240 PE.
350 1200 446 1251 quid
467 1199 538 1238 tibi
558 1200 727 1251 negotist
748 1214 859 1239 meae
879 1200 988 1239 domi
1010 1200 1152 1250 igitur?
1210 1201 1266 1238 F1.
1298 1199 1445 1238 audies.

247 1267 446 1305 eonducta
466 1264 557 1304 ueni
578 1272 620 1303 ut
642 1265 786 1303 fidibus
806 1272 1004 1304 cantarem
1025 1264 1120 1312 seni,
1597 1274 1665 1313 500

247 1333 343 1371 dum
364 1344 445 1369 rem
467 1329 643 1368 diuinam
668 1330 822 1368 faceret.
882 1331 951 1368 PE.
983 1331 1106 1368 fateor
1126 1342 1189 1368 me
1209 1329 1388 1368 omnium

245 1396 451 1435 hominum
473 1407 559 1433 esse
581 1393 748 1432 Athenis
769 1393 910 1432 Atticis
931 1393 1082 1432 minimi
1103 1394 1213 1444 preti.

244 1462 314 1499 sed
336 1468 376 1498 tu
397 1458 571 1498 nouistin
595 1457 794 1496 fidicinam
817 1458 1179 1509 Acropolistidem?

185 1539 226 1569 30
246 1528 305 1564 F1.
336 1532 416 1563 tarn
438 1523 550 1562 facile
572 1536 690 1573 quam
713 1536 786 1561 me.
849 1524 916 1560 PE.
948 1522 1015 1561 ubi
1037 1523 1219 1562 habitat?
1275 1525 1334 1563 F1.
1364 1531 1574 1576 postquam

1419 1589 1575 1628 liberast

244 1655 310 1694 ubi
332 1654 482 1694 habitet
503 1653 633 1692 dicere
654 1654 872 1692 admodum
894 1653 1041 1692 incerte
1060 1652 1152 1692 scio.
1596 1665 1659 1704 505

245 1722 314 1759 PE.
345 1721 422 1758 eho
442 1733 492 1758 an
513 1718 635 1756 libera
657 1718 721 1756 illa
742 1719 830 1757 est?
860 1717 947 1768 quis
967 1731 1054 1756 eam
1075 1717 1296 1757 liberauerit

244 1786 337 1823 uolo
357 1784 468 1831 scire,
488 1783 518 1821 si
541 1783 627 1821 scis.
690 1784 748 1820 F1.
782 1782 822 1821 id
843 1783 951 1832 quod
972 1781 1106 1820 audiui
1126 1782 1274 1821 audies.

286 1872 350 1911 485
376 1882 399 1902 r.
421 1872 487 1912 [ct]
507 1882 536 1911 p.
556 1871 589 1902 P
677 1871 766 1912 east]
786 1876 837 1902 est
859 1871 892 1901 A
999 1871 1063 1910 486
1089 1870 1180 1900 illum
1200 1870 1257 1909 qui
1283 1869 1337 1901 ΡΑ
1355 1874 1391 1901 ut
1411 1869 1474 1901 vid.
1491 1882 1498 1901 t
1521 1871 1576 1911 qui

244 1916 324 1957 (om.
351 1914 420 1955 PE)
441 1919 515 1956 post
538 1916 683 1956 spatimn
708 1916 785 1946 PBD
810 1915 859 1955 (in
879 1914 1039 1954 archetypi
1057 1913 1110 1944 ΡΑ
1125 1914 1248 1954 pagiua
1256 1913 1405 1952 fenestra
1423 1918 1508 1951 eran
1538 1916 1574 1954 cs:

241 1971 269 1990 v.
286 1960 365 1999 506)
378 1959 436 1997 tbiii.
449 1959 485 1999 8)
569 1960 631 1999 487
651 1961 679 1990 is
691 1971 756 1991 om.
772 1959 805 1990 P
873 1958 1058 1989 destinauit
1071 1968 1137 1988 om.
1149 1957 1253 1997 spatio
1266 1956 1365 1987 relicto
1377 1956 1410 1987 P
1421 1958 1515 1998 (emit
1525 1958 1574 1998 B)

241 2003 294 2043 (cf
314 2002 361 2033 ad
373 2003 453 2041 486)
568 2004 632 2042 488
658 2003 871 2034 articulatum
894 2002 1044 2032 concidis
1062 2002 1092 2031 A
1205 2000 1270 2040 489
1292 2000 1349 2041 qui
1366 2000 1399 2030 A
1511 2012 1577 2041 490

242 2056 341 2077 cerua
358 2057 421 2077 om.
444 2045 477 2076 Ρ
563 2057 628 2086 492
654 2047 703 2078 vel
718 2047 819 2078 illanc
910 2045 968 2076 Ρε.
988 2045 1064 2077 bell.
1084 2045 1215 2087 Rson.
1230 2047 1306 2074 nete
1393 2054 1456 2085 493
1481 2044 1575 2084 Euge

242 2090 327 2129 frugi
345 2089 377 2120 Ρ
464 2091 657 2130 pugnauisti
678 2090 889 2122 Camerarius
998 2101 1062 2130 495
1087 2095 1268 2121 mercatum
1287 2093 1339 2120 est
1359 2090 1433 2130 (pm
1450 2099 1574 2120 merca-

242 2138 310 2165 tust
335 2133 384 2164 vel
405 2134 589 2166 mercatu‘n
612 2135 714 2176 [esth
735 2139 768 2166 te
792 2135 823 2167 h.
846 2140 898 2166 est
915 2134 1058 2175 (vixpro
1074 2136 1132 2174 cx)
1151 2135 1171 2166 l.
1189 2134 1221 2164 A
1371 2134 1435 2172 496
1462 2133 1576 2163 Fando

244 2177 396 2218 Geppert:
432 2178 583 2209 Fandum
608 2178 655 2217 A,
682 2179 738 2209 mlx·
763 2183 854 2211 recte:
891 2179 1043 2210 Eandum
1067 2178 1100 2209 P
1120 2178 1161 2217 (Ε
1178 2183 1241 2219 pro
1259 2177 1298 2216 F)
1322 2177 1490 2217 (Ehodum
1510 2176 1574 2216 13³⁴)

242 2231 303 2261 497
330 2232 380 2252 me
406 2223 562 2261 equidem
582 2222 614 2252 A
752 2225 816 2262 498
840 2223 895 2253 vix
917 2233 990 2253 sum
1017 2223 1119 2253 iibere
1207 2222 1473 2262 quinquennium
1499 2230 1572 2251 sum

243 2265 347 2295 libera
358 2265 528 2296 Flrckeisen
635 2275 698 2304 503
723 2266 901 2305 probistiin
917 2267 948 2296 A
1022 2265 1230 2306 [mulierem]
1243 2266 1409 2296 fidicinam
1423 2265 1454 2295 A
1475 2265 1572 2305 (‘var.

242 2308 305 2340 lect.
332 2308 448 2341 adscr.’
471 2309 622 2350 Sryffirt)
777 2319 840 2348 504
866 2310 1014 2340 ubertast
1039 2309 1072 2339 P
1092 2310 1128 2349 (u
1149 2315 1210 2350 pro
1234 2309 1274 2341 lii
1301 2310 1346 2349 (v.
1378 2319 1426 2346 12,
1453 2318 1483 2348 p.
1516 2310 1570 2347 755

244 2362 306 2391 505
332 2354 444 2384 dioere
471 2363 538 2384 om.
563 2353 594 2383 Ρ
689 2353 885 2393 admodum]
915 2354 992 2384 dum
1021 2353 1052 2383 Ρ
1077 2353 1130 2392 (cſs
1157 2352 1203 2384 ad
1227 2353 1305 2391 486)
1393 2353 1519 2383 incerto
1546 2350 1578 2381 P

244 2398 308 2434 506
325 2397 428 2427 libera
448 2397 502 2427 ilia
516 2401 567 2427 est
580 2407 644 2428 om.
658 2398 759 2437 spatio
777 2397 878 2427 relicto
894 2396 927 2426 P
943 2397 996 2435 (rs.
1011 2395 1145 2435 ιιι1486)
1223 2396 1377 2427 liberauit
1394 2395 1426 2426 A
1443 2407 1449 2426 :
1476 2395 1573 2426 liber-

245 2441 351 2470 auerit
363 2446 422 2479 per
430 2439 594 2480 compend.
611 2451 668 2471 scr.
684 2441 716 2470 in
730 2439 765 2475 Ρ,
781 2440 888 2470 nlvid.
979 2450 1041 2478 507
1063 2440 1175 2470 audiui
1192 2440 1254 2470 iam
1267 2440 1407 2470 audiens
1418 2439 1449 2469 A
1464 2439 1521 2478 (iv.
1537 2439 1572 2478 3)
