1727 2712
653 79 914 118 EPIDICVS
1392 80 1446 117 ΙΙ,
1468 77 1499 115 ii

41 198 102 236 195
173 188 307 239 itaque
325 188 564 227 adsimulato
579 188 691 238 quasi
712 201 781 238 per
800 188 937 227 urbem
967 195 1090 227 totam
1111 187 1314 226 hominem
1336 201 1452 238 quae-

1304 266 1451 292 s1ueris.

120 333 202 370 age,
226 319 257 358 si
278 319 374 370 quid
394 319 484 369 agis.
546 319 585 358 di
607 318 833 357 inmortales
853 321 859 356 Ξ
894 318 1044 357 utinam
1065 318 1302 357 conueniam
1323 318 1432 357 domi
1476 330 1512 362 15

122 384 395 434 Periphanem,
411 398 480 434 per
492 397 652 422 omnem
667 383 804 422 urbem
819 397 937 434 quem
955 397 1042 421 sum
1056 385 1232 423 defessus
1246 397 1449 434 quaerere:

120 462 189 498 per
209 449 436 496 medicinas,
460 462 528 499 per
548 448 742 495 tostrinas‚
764 448 805 486 in
825 449 1029 498 gymnasio
1049 457 1168 499 atque
1188 449 1228 487 in
1250 450 1345 496 foro,

119 526 187 562 per
207 514 424 564 myropolia
444 522 482 552 et
502 513 677 552 lanienas
698 513 925 564 circumque
945 514 1192 564 argentarias.

33 588 100 614 200
118 578 324 628 rogitando
345 592 431 617 sum
452 592 592 617 raucus
613 580 749 625 factus,
773 591 899 629 paene
920 578 959 617 in
981 593 1096 618 cursu
1117 579 1284 619 concidi.

118 643 186 680 PE.
217 642 383 692 Epidice
402 646 407 681 ἔ
466 645 535 681 ΕΡ.
570 643 782 694 Epidicum
817 644 904 694 quis
939 652 996 682 est
1031 645 1098 694 qui
1130 647 1321 684 reuocat?
1378 647 1446 683 PE.
1472 656 1512 678 20

978 723 1051 759 ego
1072 723 1169 757 sum,
1196 711 1445 760 Periphanes.

115 774 187 811 ΑΡ.
219 780 258 811 et
287 786 360 822 ego
389 773 614 823 Apoecides
644 786 742 811 sum.
813 775 881 812 ΕΡ.
915 782 953 812 et
974 775 1210 825 egoquidem
1242 789 1327 813 sum
1360 776 1450 826 Epi-

903 839 1025 878 dicus.
1085 842 1165 887 sed,
1189 854 1265 889 erej
1287 849 1449 892 optuma

113 915 185 940 uos
205 902 325 941 uideo
345 902 640 953 opportunitate
660 904 780 942 ambo
804 904 1001 943 aduenire.
1068 907 1136 943 PE.
1169 906 1264 956 quid
1286 906 1339 945 rei
1361 910 1450 946 est?

115 969 183 1006 EP.
217 981 344 1015 mane,
377 966 540 1020 (mane),
575 969 661 1007 sine
690 968 876 1020 respirem
907 983 1066 1020 quaeso.
1128 972 1195 1009 PE.
1229 970 1352 1010 immo
1381 974 1447 1010 ad-

812 1034 982 1084 quiesce.
1043 1036 1112 1073 ΕΡ.
1141 1035 1275 1074 animo
1296 1038 1444 1075 malest.

27 1106 92 1144 205
113 1099 184 1136 Ap,
230 1098 360 1148 recipe
397 1098 626 1138 anhelitum.
704 1100 772 1138 PE.
819 1101 1044 1148 clementer,
1080 1100 1292 1150 requiesce.
1375 1103 1444 1140 ΕΡ.

1040 1163 1216 1201 animum
1238 1165 1443 1203 aduortite.

107 1238 130 1263 a
159 1225 314 1276 legione
340 1239 479 1265 omnes
503 1226 653 1266 remissi
678 1234 769 1266 sunt
794 1228 960 1266 domum
984 1228 1144 1267 Thebis.
1222 1231 1294 1267 ΑΡ.
1340 1229 1445 1280 <quis
1468 1246 1506 1278 25

1350 1294 1445 1347 hoc)

108 1355 181 1394 scit
201 1357 381 1396 factum?
449 1358 518 1396 Ep,
550 1370 624 1408 ego
649 1357 701 1396 ita
728 1357 819 1396 dico
846 1359 992 1397 facturn
1018 1358 1113 1397 esse.
1188 1361 1256 1397 PE.
1289 1360 1372 1398 scin
1400 1369 1441 1399 tu

1057 1424 1185 1463 istuc?
1244 1427 1313 1464 Ep,
1346 1426 1438 1465 scio.

107 1488 176 1525 PE.
207 1486 275 1537 qui
296 1495 337 1525 tu
359 1487 463 1526 scis?
521 1489 589 1526 ΕΡ.
621 1487 714 1538 quia
734 1501 806 1538 ego
827 1488 881 1527 ire
902 1488 983 1528 uidi
1005 1489 1147 1529 milites
1168 1490 1294 1540 plenis
1316 1491 1388 1530 uiis
1405 1507 1413 1538 ;

105 1565 212 1590 arma
231 1553 402 1591 referunt
423 1560 461 1592 et
481 1553 657 1592 iumenta
676 1555 837 1592 ducunt.
899 1556 966 1592 PE.
999 1554 1106 1593 nimi'
1128 1557 1274 1594 factum
1296 1556 1396 1595 bene
1414 1560 1420 1595 ἒ

20 1625 87 1651 210
107 1618 175 1655 ΕΡ.
207 1625 291 1656 tum
312 1618 558 1668 captiuorum
579 1618 675 1669 quid
696 1620 847 1657 ducunt
868 1632 1002 1657 secum
1023 1623 1028 1658 1
1059 1633 1212 1669 puerOS,
1236 1621 1416 1672 uirgines,

104 1682 230 1728 binos,
253 1690 395 1731 ternos,
419 1683 518 1722 alius
540 1683 717 1734 quinque
734 1699 743 1731 ;
773 1684 815 1722 fit
836 1697 1050 1722 concursus
1072 1698 1140 1735 per
1160 1686 1254 1734 uias,
1457 1701 1500 1733 30

103 1747 203 1786 filios
224 1761 315 1786 suos
336 1750 502 1798 quisque
522 1748 665 1787 uisunt.
727 1751 793 1787 PE.
826 1750 956 1788 hercle
976 1763 1057 1788 rem
1078 1758 1226 1800 gestam
1248 1752 1349 1791 bene
1367 1756 1373 1791 !

105 1814 174 1851 ΕΡ.
216 1820 300 1852 tum
339 1814 586 1852 meretricum
626 1828 812 1853 numerus
852 1822 982 1854 tantus
1021 1824 1213 1866 quantum
1259 1817 1298 1855 in
1341 1819 1438 1857 urbe

1237 1883 1345 1921 omni
1367 1884 1437 1923 fuit

104 1943 262 1982 obuiam
284 1952 443 1983 ornatae
463 1946 720 1983 occurrebant
741 1945 820 1984 suis
840 1947 1044 1997 quaequae
1064 1948 1315 1995 amatoribus,

19 2015 83 2055 215
103 2021 171 2047 eos
191 2011 412 2059 captabant.
471 2010 511 2048 id
532 2011 632 2049 adeo
653 2011 719 2061 qui
741 2024 923 2050 maxume
942 2012 1118 2050 animum
1139 2014 1376 2053 aduorterim
1394 2017 1410 2053 ?

145 2124 207 2144 202
231 2115 368 2154 quidem
398 2125 463 2154 ego
493 2115 632 2147 Mueller
769 2128 833 2157 203
868 2118 965 2150 ambo
992 2120 1155 2150 aduenire
1181 2121 1436 2160 opportunitate

101 2157 163 2187 cod.
185 2169 190 2187 :
217 2159 287 2190 irai.
302 2157 407 2189 Bothe
537 2170 600 2199 204
627 2160 727 2191 Mane
744 2160 886 2204 (mane)
909 2161 1007 2193 lVeise
1022 2175 1028 2194 ε
1053 2162 1155 2194 Mane
1173 2162 1263 2206 (sis)
1280 2163 1329 2194 vel
1343 2162 1435 2206 (sic)

101 2199 239 2231 Redsloh
268 2201 369 2242 (Berl.
397 2202 481 2233 Phil.
516 2202 622 2234 Woch.
652 2214 704 2243 22,
733 2205 841 2245 553):
875 2206 976 2237 Mane
1004 2206 1126 2248 (dum)
1153 2207 1239 2237 Βνιζι·
1371 2218 1434 2247 205

101 2245 214 2284 recipe
245 2244 357 2276 Brix:
398 2247 558 2286 recipiam
590 2246 654 2277 cod.
687 2249 763 2288 (seq.
798 2250 871 2289 an-)
1052 2253 1116 2280 206
1150 2251 1225 2290 quis
1259 2252 1322 2281 hoc
1354 2251 1430 2282 add.

102 2287 315 2320 Camerarius
418 2300 480 2329 207
507 2290 595 2321 Dicit
612 2290 694 2321 Reiz
768 2292 788 2323 f.
808 2303 882 2323 esse
898 2294 928 2324 d.
947 2293 1030 2324 cod:
1049 2295 1158 2325 traieci
1259 2305 1318 2325 211
1339 2295 1433 2335 quin-

98 2341 165 2370 que
188 2331 288 2364 ItaL:
316 2333 459 2372 quisque
484 2333 551 2365 cod.
685 2345 746 2374 214
772 2346 795 2366 s.
823 2347 977 2376 quaeque
1003 2337 1067 2367 cod.
1089 2349 1094 2367 :
1119 2348 1150 2377 q.
1179 2338 1247 2369 suis
1276 2339 1430 2370 Gm'etus:

99 2384 127 2406 s.
144 2376 298 2416 quisquis
314 2375 467 2418 Hasper:
492 2388 516 2409 s.
537 2388 566 2417 q.
588 2377 677 2420 (ibi)
695 2377 833 2410 Mueller
963 2390 1026 2419 215
1051 2381 1355 2413 animaduorrerint
1372 2384 1404 2414 A
