1727 2702
89 104 200 142 111.1
604 104 650 142 T.
684 104 864 144 MACCI
898 106 1099 144 PLAVTI

186 214 260 254 Cv.
290 216 413 254 immo
433 216 550 254 etiam
572 228 701 266 porro,
721 214 750 253 si
773 215 843 262 uis,
867 215 1008 254 dicam.
1068 217 1138 255 Lv.
1172 216 1224 255 nil
1246 230 1387 258 moror.

185 293 348 331 sequere
369 282 453 328 hac,
478 289 514 320 te
534 282 738 332 apsoluam
761 294 839 331 qua
858 281 1054 320 aduenisti
1074 281 1205 332 gratia.

124 345 166 384 85
185 353 302 396 atque
323 359 460 384 eccum
483 345 611 385 uideo.
671 347 773 393 leno,
795 347 913 385 salue.
973 347 1047 387 CA.
1078 347 1117 386 di
1139 355 1177 386 te
1196 355 1340 387 ament.
1531 363 1598 401 455

186 410 256 449 Lv.
289 411 383 461 quid
406 412 481 450 hoc
501 412 610 461 quod
630 412 681 450 ad
702 418 740 450 te
761 411 908 450 uenio?
965 412 1036 452 CA.
1069 412 1178 451 dicas
1197 413 1293 463 quid
1314 413 1422 453 uelis.

186 475 255 514 Lv.
289 483 491 526 argentum
512 476 692 527 accipias,
717 489 807 515 cum
830 476 897 516 illo
918 476 1048 516 mittas
1067 477 1269 528 uirginem.

186 540 258 580 CA.
291 540 385 590 quid
407 541 515 590 quod
538 540 683 579 iuratus
703 542 821 579 sum?
878 542 947 579 Lv.
980 541 1076 591 quid
1097 541 1137 580 id
1158 543 1271 581 refert
1291 550 1368 589 tua,

185 605 280 643 dum
302 613 504 655 argentum
526 605 724 656 accipias?
781 607 852 646 CA.
885 606 953 656 qui
975 614 1109 645 monet
1130 607 1240 657 quasi
1260 607 1432 647 adiuuat.
1533 613 1663 658 459-·6c
1679 611 1698 652 ’1

125 685 167 718 90
186 669 405 720 sequimini.
466 672 537 709 Cv.
571 672 672 718 leno,
695 684 792 710 caue
819 670 824 724 Ι
850 671 887 710 in
910 679 948 710 te
969 672 1015 710 sit
1037 685 1145 711 mora
1166 672 1328 711 mihi.—
1678 649 1701 732 f

666 871 902 920 ACTVS
958 871 1030 918 IV

60 979 166 1018 IV.i
697 977 1003 1015 CHORAGVS

183 1071 260 1111 Cn.
293 1071 446 1121 Edepol
469 1076 698 1120 nugatorem
717 1069 892 1120 lepidum
915 1070 1045 1121 lepide
1066 1071 1172 1109 hunc
1193 1079 1376 1110 nanctust
1393 1072 1513 1111 Phae-

1338 1138 1510 1176 dromus.

183 1203 463 1253 halophantam
485 1215 535 1240 an
557 1203 841 1252 sycophantam
864 1202 986 1252 mzigis
1007 1216 1092 1241 esse
1112 1203 1242 1241 dicam
1263 1201 1407 1240 nescio.

183 1276 414 1307 ornamenta
434 1280 536 1318 quae
557 1267 684 1305 locaui
707 1275 841 1306 metuo
862 1276 903 1306 ut
923 1268 1070 1318 possim
1093 1268 1264 1318 recipere
1280 1282 1290 1315 ;

183 1346 424 1384 quamquam
459 1345 549 1371 cum
590 1332 688 1371 istoc
723 1332 819 1370 mihi
858 1332 989 1383 negoti
1024 1333 1120 1371 nihil
1155 1341 1236 1372 est:
1279 1332 1352 1383 ipsi
1392 1333 1513 1371 Phae·
1530 1335 1596 1381 465

1371 1397 1511 1435 dromo

145 1483 161 1514 5
184 1464 331 1503 credidi
348 1479 357 1511 ;
387 1471 518 1503 tamen
539 1463 771 1503 adseruabo.
830 1464 900 1502 sed
921 1465 1014 1503 dum
1038 1463 1100 1501 hic
1123 1462 1318 1513 egreditur
1339 1463 1439 1500 foras

183 1530 478 1569 commostrabo
513 1529 592 1579 qu6
624 1529 662 1566 in
695 1541 895 1579 quemque
930 1528 1131 1567 hominem
1163 1527 1275 1566 facile
1304 1526 1512 1565 inueniatis

1296 1639 1299 1643 .
1411 1592 1511 1639 loco,

184 1673 234 1698 ne
255 1659 378 1698 nimio
398 1673 516 1710 opere
537 1666 664 1698 sumat
685 1672 845 1710 operam
868 1658 897 1696 si
920 1672 1037 1708 quem
1059 1665 1298 1696 conuentum
1321 1655 1425 1704 uelit,

185 1726 246 1764 uel
269 1724 454 1763 uitiosum
475 1725 537 1762 uel
559 1723 643 1762 sine
664 1723 775 1771 uitio,
796 1725 858 1762 uel
880 1723 1047 1774 probum
1070 1725 1130 1762 uel
1154 1722 1373 1772 inprobum.

185 1789 250 1840 qui
273 1789 464 1839 peiiurum
485 1788 698 1826 conuenire
719 1789 802 1826 uolt
823 1787 1024 1826 hominem
1048 1787 1101 1824 ito
1122 1786 1159 1824 in
1181 1785 1410 1832 comitium;
1531 1797 1602 1832 470

130 1870 168 1892 10
186 1853 251 1904 qui
275 1854 505 1891 mendacem
528 1861 565 1891 ct
586 1853 810 1902 gloriosum,
835 1853 941 1903 apud
964 1851 1175 1891 Cloacinae
1194 1862 1358 1898 sacrum,

185 1919 295 1964 dites,
319 1919 531 1956 damnosos
555 1918 713 1956 maritos
735 1919 809 1956 sub
832 1917 991 1956 basilica
1011 1915 1198 1966 quaerito.

184 1983 330 2022 ibidem
352 1989 464 2020 erunt
486 1991 614 2021 scorta
635 1985 786 2022 exoleta
808 1982 954 2033 quique
975 1978 1148 2030 stipulari
1168 1979 1320 2025 solent;

183 2049 447 2098 symbolarum
471 2051 690 2088 conflatores
711 2050 816 2099 apud
838 2049 963 2086 forum
985 2044 1204 2096 piscarium.

184 2113 222 2152 in
245 2114 328 2152 soro
349 2114 500 2152 insumo
524 2114 617 2153 boni
640 2113 821 2152 homines
841 2120 960 2162 atque
980 2110 1080 2150 dites
1100 2110 1331 2157 ambulant3
1527 2121 1593 2159 475

227 2228 289 2257 454
315 2219 369 2249 ted
395 2218 459 2248 cod.
606 2227 670 2257 455
691 2227 762 2257 sqq.
780 2217 887 2257 finem
911 2225 1041 2246 scamas
1063 2225 1084 2244 a
1110 2217 1307 2244 retmctatore
1329 2213 1361 2243 in
1386 2212 1510 2243 brevius

183 2266 382 2292 contractum
401 2272 465 2291 css?
479 2260 572 2291 crrdr‘t
587 2260 683 2291 (iocre
815 2262 873 2299 461
901 2258 1020 2290 morari
1039 2257 1119 2288 mihi
1139 2256 1188 2287 PE
1277 2266 1360 2286 caue
1377 2255 1456 2286 mihi
1475 2255 1507 2285 in

184 2311 217 2336 te
234 2306 276 2335 sit
296 2316 386 2335 mora
405 2305 542 2335 Redslob
683 2305 746 2343 463
771 2304 1058 2342 halophantamne
1077 2300 1211 2331 Gm'etus
1310 2299 1414 2337 magis
1432 2308 1508 2329 esse

185 2348 270 2379 codd.
289 2348 390 2378 Nonii
414 2358 493 2379 120:
521 2349 608 2378 hunc
634 2348 740 2384 magis
763 2348 824 2377 hoc
842 2356 917 2376 esse
940 2344 1005 2375 cod.
1096 2344 1144 2374 vc!
1158 2353 1253 2382 mage
1386 2343 1448 2381 464
1474 2346 1507 2371 ut

185 2392 262 2422 Ald.
282 2403 288 2422 ι
315 2392 400 2421 hund
421 2391 483 2426 (Β)
503 2390 551 2421 vr!
566 2391 652 2421 haud
669 2390 749 2429 (PE)
766 2390 829 2422 cod.
972 2398 1036 2427 470
1061 2388 1106 2417 ito
1126 2385 1303 2416 Gruterus:
1329 2385 1422 2416 mitto
1439 2383 1504 2415 cod.
