1676 2722
519 120 1098 183 AMPHITRVO

509 434 1102 482 ARGVMENTVMI

250 551 301 590 IN
332 551 470 590 faciem
501 566 633 590 versus
663 551 965 601 Amphitruonis
996 552 1184 602 Iuppiter,

248 618 345 656 dum
376 617 522 655 bellum
552 625 699 667 gereret
730 631 820 655 cum
850 617 1040 656 Telobois
1071 617 1263 663 hostibus,

246 683 480 720 Alcmenam
510 695 670 720 uxorem
701 682 805 732 cepit
834 682 1059 720 usurariam.

249 746 467 785 Mercurius
497 748 663 785 formam
694 746 829 785 Sosiae
859 747 957 785 servi
986 746 1082 797 gerit

246 811 442 850 absentis:
482 812 542 850 his
572 813 765 851 Alcmena
793 812 987 862 decipitur
1016 812 1127 851 dolis.
1493 827 1512 860 5

247 884 457 927 postquam
487 877 637 916 rediere
666 877 744 916 veri
775 877 1014 927 Amphitruo
1043 885 1081 916 et
1111 876 1233 923 Sosia,

247 949 412 993 uterque
441 943 684 982 deluduntur
713 942 814 982 dolis
844 943 883 980 in
915 942 1057 981 mirum
1087 943 1262 981 modum.

246 1007 339 1046 hinc
368 1007 547 1058 iurgium,
578 1009 769 1047 tumultus
799 1008 908 1047 uxori
938 1015 976 1046 et
1004 1007 1098 1054 viro,

246 1073 375 1112 donec
405 1087 496 1112 cum
526 1073 672 1112 tonitru
701 1087 799 1113 voce
829 1073 947 1111 missa
976 1086 1021 1111 ex
1050 1073 1208 1111 aethere

245 1138 466 1177 adulterum
497 1153 538 1178 se
570 1140 746 1189 Iuppiter
775 1139 978 1177 confessus
1008 1145 1075 1176 est.
1496 1151 1535 1174 ιο

490 1285 1116 1334 ARGVMENTVMII

244 1402 395 1442 Amore
425 1411 562 1453 captus
594 1405 832 1441 Alcumenas
864 1401 1041 1452 Iuppiter

244 1468 412 1507 Mutavit
442 1482 526 1507 sese
556 1468 595 1506 in
626 1470 791 1507 formam
821 1468 904 1506 eius
934 1467 1123 1518 coniugis,

244 1533 323 1572 Pro
352 1534 477 1584 patria
506 1533 745 1583 Amphitruo
775 1534 871 1572 dum
902 1532 1078 1572 decernit
1108 1546 1199 1571 cum
1229 1532 1420 1572 hostibus.

243 1598 396 1637 Habitu
428 1599 647 1638 Mercurius
678 1599 711 1637 ei
743 1598 934 1637 subservit
965 1598 1109 1637 Sosiae.

242 1663 280 1703 Is
309 1664 554 1703 advenientis
585 1678 738 1703 servum
768 1677 814 1702 ac
843 1663 1051 1703 dominum
1081 1664 1221 1702 frustra
1249 1663 1378 1702 habet.
1491 1679 1508 1710 5

241 1729 396 1769 Turbas
426 1731 535 1770 uxori
565 1731 641 1770 ciet
672 1730 921 1781 Amphitruo,
952 1737 1071 1780 atque
1100 1728 1268 1768 invicem

240 1794 419 1845 Raptant
448 1809 519 1846 pro
550 1796 736 1835 moechis.
798 1796 994 1845 Blepharo
1024 1802 1161 1845 captus
1190 1794 1332 1833 arbiter

241 1859 342 1899 Vter
370 1860 418 1899 sit
448 1875 528 1900 non
558 1861 643 1911 quit
673 1860 911 1911 Amphitruo
941 1861 1162 1898 decernere.

241 1924 414 1964 Omnem
445 1940 526 1965 rem
557 1935 736 1965 noscunt.
796 1925 975 1976 geminos
1005 1924 1070 1963 illa
1098 1923 1266 1963 enititur.

176 2029 222 2069 17
247 2028 355 2070 uterq’
371 2029 512 2071 displicet
613 2030 775 2062 luduntur
800 2029 989 2061 Lambinus
1006 2031 1061 2070 (cf.
1084 2029 1154 2061 Mil.
1180 2029 1267 2070 Arg.
1288 2030 1306 2060 i.
1326 2039 1347 2068 9
1372 2028 1463 2060 delu-

131 2072 222 2103 ditur
241 2078 302 2114 pro
325 2073 471 2113 luditum
497 2074 572 2106 cist.
599 2074 685 2115 Arg.
714 2085 729 2113 7
760 2075 942 2114 despondit
968 2080 1030 2115 pro
1053 2074 1218 2115 spondet)
1309 2073 1395 2104 dolis
1406 2072 1465 2105 del.

131 2116 206 2148 Ital.
228 2117 281 2158 (cf
298 2117 334 2159 5)
470 2118 534 2159 119
559 2118 616 2150 illa
632 2118 757 2150 Bothe:
783 2118 959 2150 alcumena
975 2117 1040 2149 cod.
1061 2122 1104 2156 (v.
1126 2121 1158 2157 1)

146 2463 149 2466 ι
170 2451 291 2474 PLAVT.
308 2452 320 2472 1
1353 2441 1371 2475 i
