1727 2712
664 126 1011 165 AMPHITRVO
1446 125 1486 163 II
1520 124 1550 166 ii

167 240 250 279 AM.
282 236 522 288 Amphitruo
542 250 703 276 uxorem
725 238 867 276 salutat
886 237 1011 275 laetus
1032 242 1227 286 speratam
1247 248 1370 284 suam

167 317 287 354 quam
307 302 486 342 omnium
507 301 658 341 Thebis
678 301 737 340 uir
757 315 877 340 unam
898 315 983 340 esse
1004 309 1209 352 optumam
1230 300 1431 348 diiudicat,

167 381 369 419 quamque
389 368 491 406 adeo
511 366 619 406 ciues
640 366 824 405 Thebani
845 379 939 405 uero
961 365 1188 404 rumiferant
1209 366 1384 416 probam.

168 432 353 473 ualuistin
392 434 548 482 usque?
605 438 861 482 exspectatun
901 430 1105 470 aduenio?
1198 432 1265 469 So.
1305 431 1382 469 hau
1418 430 1501 470 uid.

1365 495 1498 545 magis.

79 567 152 604 680
169 570 439 614 exspectatum
455 576 546 602 eum
563 564 705 602 salutat
722 561 844 613 magis
860 563 938 600 hau
955 560 1169 612 quicquam
1185 574 1305 611 quam
1321 574 1472 599 canem.
1520 578 1564 611 50

168 631 251 668 AM.
283 637 322 668 et
359 642 480 679 quom
512 625 586 680 [te]
617 627 820 678 grauidam
850 634 889 666 et
918 640 1040 677 quom
1075 634 1113 665 te
1147 627 1310 676 pulchre
1344 627 1502 676 plenam

1151 691 1312 741 aspicio,
1334 692 1500 741 gaudeo.

168 761 242 799 AL.
274 772 439 810 opsecro
459 766 627 805 ecastor‚·
648 758 744 809 quid
767 765 807 796 tu
830 771 893 796 me
913 756 1120 796 deridiculi
1140 756 1262 807 gratia

170 825 226 865 sic
246 827 390 864 salutas
410 832 529 874 atque
550 825 736 875 appellas,
761 823 873 874 quasi
893 824 1047 862 dudum
1068 836 1150 861 non
1170 821 1327 869 uideris,

170 889 282 941 quasi
303 889 371 940 qui
391 903 498 928 nunc
518 889 689 940 primum
711 888 875 939 recipias
894 895 931 926 te
948 889 1113 927 domum
1136 889 1213 926 huc
1234 902 1281 926 ex
1300 887 1491 932 hostibus,

81 961 149 1007 685
169 963 289 1006 atque
310 968 373 993 me
394 968 501 993 nunc
522 954 688 1004 proinde
709 954 883 1003 appellas
905 953 1016 1003 quasi
1038 954 1164 991 multo
1184 960 1274 1003 post
1294 952 1468 992 uideris?
1526 961 1565 995 55

170 1022 254 1059 AM.
295 1020 418 1059 immo
459 1019 645 1070 equidem
686 1025 724 1057 te
763 1018 837 1057 nisi
884 1032 989 1057 nunc
1030 1018 1150 1057 hodie
1188 1031 1384 1069 nusquam
1424 1017 1506 1057 uidi

1315 1083 1503 1134 gentium.

169 1154 244 1192 AL.
275 1166 349 1204 qur
377 1153 527 1203 negas?
582 1154 665 1191 AM.
698 1152 791 1203 quia
820 1164 913 1190 uera
941 1149 1064 1191 didici
1093 1149 1234 1190 dicere.
1294 1151 1368 1188 AL.
1400 1149 1507 1188 haud

865 1254 867 1257 ,
1223 1228 1395 1266 aequom
1416 1214 1507 1253 facit

171 1284 239 1336 qui
260 1286 369 1336 quod
390 1284 529 1323 didicit
549 1283 590 1323 id
612 1283 792 1323 dediscit.
850 1296 900 1322 an
922 1281 1197 1333 periclitamini

172 1350 269 1401 quid
288 1349 410 1389 animi
427 1350 596 1389 habeam
611 1351 627 1387 ?
657 1351 727 1388 sed
743 1348 840 1400 quid
862 1349 939 1387 huc
956 1361 1027 1387 uos
1048 1345 1293 1386 reuortimini
1310 1354 1389 1385 tam
1405 1345 1508 1385 cito?

83 1421 155 1467 690
172 1429 222 1456 an
244 1424 282 1456 te
302 1415 522 1467 auspicium
544 1422 834 1454 commoratum
856 1422 914 1454 est
934 1428 985 1452 an
1006 1420 1220 1464 tempestas
1241 1412 1418 1451 continet
1527 1415 1570 1446 60

172 1481 240 1533 qui
261 1495 342 1520 non
362 1480 493 1520 abiisti
513 1481 565 1519 ad
586 1480 772 1531 legiones,
795 1479 848 1518 ita
869 1479 924 1518 uti
946 1479 1100 1518 dudum
1121 1478 1302 1518 dixeras?

171 1549 254 1586 AM.
286 1548 471 1586 dudum?
500 1559 619 1597 quam
636 1547 789 1585 dudum
807 1545 906 1584 istuc
923 1546 1070 1583 factum
1087 1545 1174 1582 est?
1231 1545 1304 1581 AL.
1328 1549 1505 1593 temptas.

1086 1609 1164 1648 iam
1185 1610 1350 1655 dudum,
1373 1608 1506 1646 modo.

171 1679 256 1717 AM.
287 1678 356 1729 qui
379 1676 480 1716 istuc
501 1676 604 1728 potis
630 1683 689 1715 est
716 1675 812 1724 fieri,
834 1688 994 1727 quaeso,
1018 1682 1060 1714 ut
1084 1674 1206 1714 dicis:
1237 1674 1314 1712 iam
1341 1674 1506 1719 dudum,

1358 1739 1478 1777 modo
1494 1739 1510 1776 ?

173 1810 246 1847 AL.
279 1807 375 1859 quid
389 1807 495 1847 enim
511 1821 648 1847 censes
664 1809 680 1846 ?
705 1807 742 1846 te'
759 1814 801 1846 ut
818 1808 1005 1847 deludam
1022 1812 1159 1845 contra
1174 1806 1345 1843 lusorem
1363 1817 1506 1849 meum,

86 1878 153 1925 695
174 1873 242 1924 qui
263 1887 369 1912 nunc
390 1873 619 1924 primum.te
639 1872 849 1912 aduenisse
871 1872 990 1919 dicas,
1011 1872 1133 1910 modo
1155 1869 1221 1920 qui
1244 1869 1335 1908 hinc
1354 1868 1507 1907 abieris.
1529 1875 1570 1917 65

175 1940 258 1977 AM.
281 1940 379 1977 haec
392 1938 553 1989 quidem
569 1938 827 1977 deliramenta
841 1937 1023 1988 loquitur.
1069 1938 1134 1975 So.
1158 1934 1368 1986 paullisper
1382 1948 1506 1981 mane,

174 2005 270 2043 dum
309 2003 547 2043 edormiscat
590 2017 713 2042 unum
753 2016 950 2042 somnum.
1025 2004 1108 2040 AM.
1153 2014 1307 2051 quaene
1346 1999 1511 2050 uigilans

1311 2064 1510 2103 somniat?

217 2175 282 2214 678
299 2174 575 2205 uerorumificant
590 2172 654 2205 cod.
671 2174 843 2211 (uerorum
862 2173 1041 2204 mirificant
1058 2172 1119 2209 3³)
1140 2183 1145 2201 :
1165 2174 1299 2202 testatur
1316 2170 1512 2200 rumiferant

174 2217 304 2249 Nonius
324 2220 382 2257 167
517 2219 583 2248 680
605 2217 783 2256 quicquam
801 2216 925 2248 Bothe:
952 2218 1129 2256 quisquam
1148 2214 1213 2245 cod.
1310 2215 1371 2244 681
1401 2218 1433 2243 te
1451 2212 1509 2243 del.

174 2261 311 2301 Pylades
398 2262 526 2301 ascipio
544 2260 609 2291 cod.
742 2262 807 2299 684
831 2261 995 2300 quasique
1015 2258 1230 2290 Cameram'us
1355 2257 1418 2295 685
1443 2256 1512 2289 secl.

175 2303 327 2335 Muretus
414 2306 480 2344 689
493 2305 574 2344 fort.
590 2302 696 2347 (uos)
708 2305 773 2334 huc
788 2314 849 2336 uos
863 2304 1073 2335 reuortimini
1089 2303 1138 2341 (cs.
1158 2313 1186 2333 v.
1210 2301 1300 2340 238),
1320 2311 1401 2331 nam
1421 2310 1514 2330 revv-

175 2347 314 2389 displicet
442 2350 508 2388 690
531 2348 676 2379 continit
702 2346 812 2379 Luclts
910 2349 974 2386 692
999 2348 1016 2377 i.
1037 2344 1163 2377 dudum
1176 2344 1330 2376 Brunck:
1357 2345 1376 2375 i.
1391 2344 1514 2374 dudum

174 2392 305 2432 pridem
318 2391 383 2423 cod.
405 2392 464 2432 (iv,
482 2402 515 2432 p.
532 2393 591 2432 61)
