1727 2702
103 137 171 174 IV.

195 135 271 172 viii
609 135 656 172 T.
690 134 870 174 MACCI
903 134 1108 172 PLAVTI

197 246 268 286 CL.
301 245 368 284 ubi
389 259 494 284 nunc
518 244 792 284 Mnesilochus
812 246 970 295 ergost?
1026 245 1104 284 CH.
1136 258 1200 283 rus
1220 243 1326 283 misit
1344 252 1465 296 pater.

197 311 261 351 illa
280 319 411 350 autem
434 311 473 349 in
493 323 623 349 arcem
644 310 768 349 abiuit
788 311 928 349 aedem
950 309 1076 349 uisere
1545 324 1616 359 900

135 382 178 414 60
199 377 414 415 Mineruae.
475 389 580 414 nunc
600 383 779 425 apertast.
840 375 863 422 i,
886 375 968 413 uise
989 383 1100 414 estne
1119 375 1183 414 ibi.

135 706 176 749 65

197 443 268 482 CL.
286 442 388 480 abeo
403 441 454 480 ad
468 441 595 479 forum
613 440 737 491 igitur.
779 441 856 480 CH.
876 442 939 478 uel
956 441 1086 478 hercle
1111 440 1115 490 j
1143 439 1181 478 in
1195 441 1339 478 malam
1355 453 1524 478 crucem.

197 507 267 546 CL.
301 505 419 544 hodie
440 505 591 556 exigam
611 518 749 544 aurum
773 506 879 544 hoc?
936 506 1014 544 Cn.
1047 504 1167 555 exige,
1183 517 1231 544 ac
1251 506 1449 555 suspende
1465 513 1526 543 te:

197 585 247 610 ne
267 570 486 622 supplicare
507 584 679 618 censeas,
702 570 814 609 nihili
835 571 1027 609 homo.—

198 637 262 675 ille
281 644 339 675 est
359 643 525 674 amotus.
585 635 670 675 sine
690 649 753 675 me
773 634 860 686 (per
879 642 932 683 te,
951 648 1029 683 ere,
1049 647 1214 686 opsecro
1545 647 1612 684 905

197 703 293 740 deos
314 700 551 752 inmortalis)
570 700 625 740 ire
646 702 724 740 huc
744 700 848 740 intro
867 702 918 740 ad
940 700 1074 739 filium.

198 769 263 806 Νι.
295 767 392 818 quid
412 780 460 806 eo
481 766 692 806 introibis?
748 767 826 807 CH.
859 774 901 804 ut
921 780 1012 805 eum
1033 765 1148 805 dictis
1167 765 1358 816 plurumis

194 832 391 883 castigem,
414 845 536 883 quom
558 833 656 871 haec
676 831 731 871 sic
751 833 854 870 facta
873 833 924 870 ad
945 833 1051 884 hunc
1071 831 1186 870 faciat
1207 832 1381 869 modum.

196 899 262 937 Ni.
294 898 418 937 immo
438 911 508 937 oro
528 905 571 936 ut
592 897 722 944 facias,
746 898 946 947 Chrysale‚
970 904 1008 935 et
1028 898 1095 935 ted
1116 909 1293 947 opsecro,

195 977 293 1003 caue
314 963 434 1015 parsis
455 963 494 1001 in
515 976 606 1002 eum
627 962 769 1001 dicere.
829 963 907 1002 CH.
940 961 1057 1000 etiam
1080 974 1143 1000 me
1163 962 1332 1000 mones?
1546 972 1618 1009 910

139 1042 178 1076 70
196 1029 296 1068 satin
317 1036 375 1068 est
397 1028 427 1067 si
449 1030 559 1079 plura
579 1041 625 1067 ex
647 1041 709 1066 me
729 1027 863 1066 audiet
884 1026 1004 1066 hodie
1025 1027 1127 1064 mala

139 1365 177 1399 75

137 1691 179 1722 80

136 2046 180 2082 ix

195 1108 315 1145 quam
336 1094 488 1133 audiuit
509 1106 698 1144 umquam
720 1092 850 1133 Clinia
870 1106 917 1131 ex
939 1091 1142 1130 Demetrio
1154 1092 1225 1130 ?—

197 1161 262 1199 Νι.
296 1159 389 1211 lippi
412 1159 489 1198 illic
510 1159 613 1198 oculi
635 1171 770 1198 seruos
792 1166 849 1196 est
871 1157 1116 1196 simillimus:

196 1225 226 1263 si
248 1239 327 1263 non
350 1233 421 1273 est,
441 1223 542 1263 nolis
563 1237 648 1263 esse
668 1236 799 1274 neque
819 1223 1045 1270 desideres;

197 1290 228 1329 si
249 1298 318 1337 est,
340 1290 536 1340 apstinere
557 1289 652 1340 quin
672 1289 840 1340 attingas
862 1301 942 1327 non
963 1301 1095 1338 queas.
1546 1297 1615 1335 915

198 1369 289 1393 nam
312 1355 349 1393 ni
372 1355 448 1394 illic
470 1355 588 1394 hodie
610 1356 708 1393 forte
729 1355 884 1392 fortuna
905 1353 969 1392 hic
989 1355 1098 1400 foret,

199 1420 309 1458 miles
333 1420 626 1458 Mnesilochum
648 1433 739 1458 cum
764 1432 884 1459 uxore
904 1418 1142 1469 opprimeret
1161 1431 1233 1456 sua

196 1493 314 1536 atque
335 1493 585 1536 optruncaret
607 1486 818 1524 moechum
841 1483 1174 1523 manufestarium.

197 1565 302 1589 nunc
323 1551 432 1601 quasi
456 1551 636 1589 ducentis
659 1550 850 1601 Philippis
870 1550 947 1589 emi
970 1549 1103 1595 filium,

197 1630 296 1666 quos
318 1617 410 1655 dare
432 1616 591 1666 promisi
614 1615 749 1654 militi:
780 1629 881 1666 quos
903 1628 983 1653 non
1004 1615 1111 1653 dabo
1547 1624 1617 1658 920

198 1690 344 1720 temere
365 1681 481 1719 etiam
504 1681 600 1732 priu'
621 1694 740 1731 quam
762 1681 885 1720 filiurn
906 1693 1143 1719 conuenero.

199 1760 415 1797 numquam
438 1748 580 1796 edepol
601 1746 814 1797 quicquam
837 1754 983 1784 temere
1004 1747 1161 1784 credam
1184 1746 1401 1795 Chrysalog

199 1826 335 1850 uerum
358 1813 464 1851 lubet
486 1813 603 1850 etiam
625 1812 677 1850 mi
700 1814 769 1851 has
790 1814 983 1863 pellegere
1004 1813 1160 1849 denuo:

199 1886 406 1928 aequomst
428 1878 580 1917 tabellis
601 1877 841 1928 consignatis
861 1879 1084 1916 credere.—

695 2042 1031 2081 CHRVSALvs

200 2134 276 2172 Cn.
310 2133 472 2172 Atridae
492 2134 573 2171 duo
594 2133 727 2170 fratres
748 2133 879 2170 cluent
902 2131 1040 2170 secisse
1061 2131 1211 2169 facinus
1232 2143 1474 2177 maxumum,
1548 2144 1613 2180 925

198 2212 318 2248 quom
346 2198 483 2236 l'riami
507 2197 669 2248 patriam
694 2199 924 2246 Pergamum
947 2196 1082 2234 diuina
1100 2195 1321 2250 m-oenitum
1344 2208 1462 2232 manu

241 2312 306 2339 900
330 2301 409 2331 abiit
441 2300 506 2331 cod.
667 2310 732 2338 902
770 2301 821 2330 uel
847 2299 926 2343 (tu)
958 2301 988 2331 li.
1023 2301 1054 2330 in
1089 2300 1331 2340 Kampmtmn:
1359 2299 1438 2337 fini.
1474 2297 1526 2328 uel

198 2345 228 2376 h.
245 2344 299 2386 (i)
313 2346 344 2375 in
487 2355 549 2383 904
575 2344 681 2386 (nos)
699 2344 794 2374 nihili
816 2343 948 2384 Ussing,
968 2355 1047 2374 nam
1068 2343 1161 2374 nihili
1180 2343 1322 2383 displice!
1462 2342 1527 2381 908

198 2389 244 2418 sic
263 2390 348 2418 sacta
370 2390 600 2418 (amerarmsz
626 2387 713 2419 sacta
737 2388 784 2419 sic
805 2387 869 2418 cod.
1016 2389 1143 2427 922—61
1172 2385 1265 2419 habet
1285 2387 1317 2416 A
1462 2394 1526 2423 922

198 2437 323 2462 temere
341 2433 516 2471 quicquam
534 2432 567 2463 A
