1727 2712
679 95 907 135 CAPTIVI
1386 95 1453 132 IV.
1477 93 1508 130 ii

127 214 169 246 ut
196 220 269 257 ego
298 205 390 245 uidi.
457 208 536 245 HE.
570 219 701 244 meum
731 206 923 256 gnatum?
985 207 1058 243 ER.
1092 212 1202 244 tuom
1229 212 1391 254 gnatum
1418 212 1457 243 et

1129 269 1288 320 genium
1310 283 1453 308 meum.

40 339 109 374 880
128 338 208 375 HE.
241 344 279 375 et
308 336 509 387 captiuom
537 336 646 374 illum
674 335 936 374 Alidensem?
993 337 1067 374 ER.
1100 337 1153 385 μὰ
1180 336 1244 375 τὸν
1264 336 1454 374 Ἀπόλλω.
1478 348 1540 371 100

1087 404 1167 440 ΗΕ.
1200 410 1238 441 et
1258 404 1455 441 seruolum

126 480 259 507 meum
289 469 543 518 Stalagmum,
566 480 698 506 meum
723 466 790 517 qui
814 474 976 516 gnatum
1007 466 1232 517 surrupuit?
1294 469 1368 505 ER.
1400 469 1457 506 ναὶ

1229 534 1296 571 τὰν
1317 533 1455 583 Κόραν.

127 599 208 637 ΗΕ.
241 598 318 637 iam
348 598 548 637 diu—ER.
582 599 639 637 ναὶ
662 600 729 637 τὰν
752 599 1001 648 Πραινέστην.
1070 599 1150 635 HE.
1186 597 1323 636 uenit?
1380 599 1453 636 ER.

1124 664 1183 701 ναὶ
1201 664 1268 701 τὰν
1288 664 1454 714 Σιγνέαν.

127 729 206 767 ΗΕ.
237 730 402 766 certon?
459 729 532 766 ER.
562 729 620 767 ναὶ
638 730 705 767 τὰν
723 731 974 779 Φρουσινῶνα.
1033 729 1113 765 ΗΕ.
1143 727 1236 766 uide
1257 727 1318 766 sis.
1378 730 1452 767 ER.

1084 794 1142 831 ναὶ
1160 795 1224 832 τὸν
1243 793 1452 843 Ἀλάτριον.

126 861 206 898 ΗΕ.
239 859 335 909 quid
365 867 406 897 tu
437 872 505 910 per
534 859 755 897 barbaricas
786 859 892 897 urbis
922 858 1054 897 iuras?
1111 860 1185 896 ER.
1218 858 1310 908 quia
1347 859 1453 897 enim

1180 924 1274 962 item
1295 937 1455 974 asperae

38 997 102 1041 885
124 998 214 1030 sunt
235 999 276 1030 ut
298 999 408 1030 tuom
430 992 580 1031 uictum
600 992 834 1030 autumabas
855 1004 950 1029 esse.
1009 992 1088 1028 HE.
1113 1003 1186 1028 uae
1201 991 1451 1029 aetati—ER.
1477 1003 1536 1034 105

1241 1107 1243 1109 Ι
1342 1063 1430 1093 tuae
1448 1058 1454 1093 1

122 1122 270 1173 quippe
291 1124 453 1173 quando
475 1123 571 1160 mibi
592 1123 646 1160 nil
667 1122 804 1169 eredis,
828 1123 936 1172 quod
958 1135 1030 1171 ego
1051 1121 1141 1159 dico
1163 1122 1312 1159 sedulo.

123 1190 193 1227 sed
215 1190 435 1238 Stalagmus
457 1189 599 1239 quoius
621 1196 700 1226 erat
721 1196 816 1226 tunc
838 1187 1017 1233 nationis,
1041 1200 1162 1236 quom
1185 1187 1276 1224 hinc
1297 1186 1407 1224 abit?

126 1254 206 1292 HE.
231 1253 395 1292 Siculus.
457 1255 530 1292 ER.
554 1261 591 1292 et
609 1266 715 1291 nunc
736 1253 888 1291 Siculus
910 1266 989 1290 non
1007 1261 1076 1298 est,
1094 1252 1214 1290 Boius
1236 1260 1304 1298 est,
1324 1252 1454 1290 boiam

1345 1317 1454 1355 terit:

123 1385 335 1423 liberorum
357 1386 677 1436 quaerundorum
698 1398 835 1423 caussa
856 1384 901 1429 ei,
925 1385 1054 1429 credo,
1078 1397 1174 1421 uxor
1194 1384 1331 1421 datast.

37 1452 104 1497 890
125 1452 204 1489 HF..
236 1451 310 1498 dic,
327 1451 460 1489 bonan
478 1452 555 1489 fide
571 1459 612 1488 tu
635 1450 729 1488 mihi
751 1450 870 1487 istaec
891 1450 1011 1487 uerba
1027 1448 1186 1487 dixisti?
1235 1450 1308 1486 ER.
1335 1448 1451 1486 bona.
1477 1459 1537 1482 110

125 1517 204 1554 ΗΕ.
237 1517 273 1554 di
299 1515 537 1562 inmortales,
561 1515 700 1553 iterum
722 1523 862 1565 gnatus
885 1514 1031 1560 uideor,
1056 1513 1085 1551 si
1108 1526 1199 1552 uera
1219 1521 1410 1551 autumas.

124 1582 197 1619 ER.
213 1581 352 1619 aintu?
365 1581 532 1619 dubium
548 1580 852 1626 habebisetiam,
863 1587 996 1618 sancte
1004 1593 1126 1629 quom
1135 1592 1208 1628 ego
1222 1578 1344 1617 iurem
1360 1579 1454 1617 tibi?

123 1653 334 1695 postremo,
359 1645 502 1696 Hegio,
526 1645 555 1683 si
578 1659 698 1695 parua
719 1645 789 1683 iuri
812 1644 1013 1682 iurandost
1036 1645 1145 1691 fides,

124 1710 207 1749 uise
227 1712 277 1749 ad
307 1718 475 1761 portum.
538 1713 617 1748 ΗΕ.
642 1712 768 1749 facere
789 1717 986 1748 certumst.
1046 1717 1087 1747 tu
1109 1709 1212 1747 intus
1234 1722 1325 1747 cura
1346 1710 1454 1758 quod

1262 1787 1361 1824 opus
1383 1782 1451 1813 est.

38 1845 103 1890 895
124 1854 246 1888 sume,
269 1855 398 1892 posce,
422 1855 558 1892 prome
579 1841 747 1891 quiduis.
808 1849 845 1880 te
867 1840 968 1880 facio
988 1840 1198 1879 cellarium.
1479 1853 1536 1885 115

125 1907 199 1944 ER.
232 1921 322 1945 nam
344 1908 486 1954 hercle,
510 1907 582 1945 nisi
605 1906 901 1945 mantiscinatus
924 1907 1046 1957 probe
1068 1920 1144 1952 ero,
1165 1905 1255 1943 fusti
1276 1905 1432 1955 pectito.

125 1973 205 2009 ΗΕ.
237 1980 439 2010 aeternum
461 1972 531 2010 tibi
553 1972 753 2022 dapinabo
774 1972 935 2019 uictum,
959 1972 989 2010 si
1012 1985 1104 2010 uera
1124 1978 1315 2009 autumas.

125 2038 199 2075 ER.
231 2039 337 2076 unde
357 2038 427 2076 id?
486 2039 566 2075 HF..
595 2051 617 2075 a
638 2051 701 2076 me
722 2050 892 2087 meoque
911 2046 1042 2088 gnato.
1105 2039 1178 2075 ER.
1210 2037 1389 2086 sponden
1412 2044 1453 2074 tu

960 2103 1088 2141 istuc?
1148 2104 1231 2140 HE.
1261 2102 1450 2152 spondeo.

167 2207 231 2246 879
256 2217 412 2238 meumne
428 2207 561 2246 Benllqv
648 2207 710 2237 881
730 2217 801 2247 sqq.
814 2207 884 2248 ναῒ]
904 2218 946 2238 ne
963 2208 1032 2238 cod.
1122 2208 1186 2238 882
1203 2207 1284 2237 Tam
1301 2205 1452 2245 lVagnery

124 2251 167 2280 ita
183 2252 270 2281 enim
286 2251 502 2290 loquebantur
516 2251 721 2281 Praenestini
833 2252 897 2290 885
923 2257 1000 2281 tuae
1016 2250 1163 2291 Hegioni
1175 2251 1369 2280 continuam!
1383 2249 1452 2280 edd.

123 2294 187 2323 888
204 2293 253 2333 et}
271 2299 303 2324 at
317 2294 527 2325 Camerarius
542 2307 549 2326 :
574 2295 633 2324 sed
653 2295 734 2335 (set)
750 2293 809 2325 'alii
903 2296 967 2334 893
980 2295 1062 2333 sort.
1078 2305 1216 2334 paruom
1240 2294 1270 2324 ¹i.
1280 2305 1303 2323 e.
1323 2304 1451 2333 parum,

123 2339 260 2376 antiqua
275 2338 423 2377 forma),
450 2339 495 2369 ita
520 2339 606 2369 enim
632 2338 712 2368 altbi
731 2343 782 2378 ap.
811 2337 919 2369 Plaut.
947 2338 1063 2380 (Arclz.
1094 2338 1164 2368 Lat.
1193 2337 1269 2368 Lex.
1300 2347 1347 2376 ¹3-
1379 2338 1452 2376 133)

123 2381 188 2421 898
211 2382 368 2420 sponderi
385 2381 460 2412 Ital.
477 2394 482 2412 :
507 2382 638 2422 sponde
655 2381 719 2412 cod.
