1727 2712
714 77 922 117 CASINA
1435 74 1481 111 V.
1505 72 1553 109 iv

151 202 202 227 ne
230 195 274 226 ut
301 200 390 227 eam
417 200 583 234 amasso,
607 188 640 226 si
668 199 741 237 ego
770 199 959 236 umquam
989 186 1091 224 adeo
1121 186 1285 236 posthac
1316 186 1391 223 tale
1420 184 1484 222 ad-

1329 249 1482 296 misero,

150 320 257 357 nulla
276 324 451 356 caussast
470 317 567 368 quin
587 318 828 367 pendentem
850 329 927 363 me,
947 328 1053 363 uxor,
1078 314 1195 365 uirgis
1216 314 1408 353 uerberes.

151 385 233 422 Mv.
277 396 423 422 censeo
461 383 614 421 ecastor
652 381 809 421 ueniam
848 383 950 420 hanc
989 382 1174 427 dandam,
1215 377 1482 432 <Cleustrata>.
1505 393 1546 425 40

1032 446 1101 486 CL.
1135 444 1275 484 faciam
1297 451 1338 482 ut
1358 444 1481 483 iubes.

43 530 125 567 1005
150 521 309 565 propter
328 527 416 552 eam
437 526 519 552 rem
540 514 643 551 hanc
667 511 738 550 tibi
759 524 865 550 nunc
893 510 1051 550 ueniam
1077 510 1198 548 minu'
1219 517 1378 560 grauate
1399 523 1484 560 pro-

1355 588 1480 626 spero,

147 647 249 683 hanc
270 658 316 682 ex
335 645 452 693 longa
472 643 689 693 longiorem
710 655 760 680 ne
780 641 968 680 faciamus
989 641 1175 680 fabulam.

148 713 217 750 Lv.
250 723 331 748 non
344 709 500 747 irata's?
557 709 627 747 CL.
648 720 728 746 non
745 720 832 746 sum
848 706 953 744 irata.
1016 708 1086 744 LY.
1105 714 1223 745 tuaen
1241 707 1319 745 fide
1335 706 1484 745 credo?

1250 772 1319 811 CL.
1358 784 1479 810 meae.

147 843 216 880 Lv.
248 839 478 890 lepidiorem
510 851 670 877 uxorem
704 850 824 876 nemo
857 836 1066 888 quisquam
1097 850 1216 887 quam
1251 850 1323 887 ego
1353 837 1482 876 habeo

1228 903 1330 941 hanc
1350 903 1474 941 habet.

147 972 217 1010 CL.
248 983 320 1020 age
339 977 392 1016 tu,
416 969 537 1008 redde
558 968 650 1007 huic
674 967 893 1019 scipionem
918 975 956 1007 et
982 967 1156 1018 pallium.
1217 968 1294 1007 Cn.
1327 975 1428 1015 tene,
1452 967 1484 1006 si
1502 982 1544 1013 45

1361 1033 1481 1072 lubet.

0 1129 1 1132 =
41 1115 129 1142 1010
147 1100 242 1139 mihi
263 1100 425 1151 quidem
446 1100 588 1150 edepol
609 1098 792 1149 insignite
812 1100 951 1137 factast
972 1112 1114 1149 magna
1134 1098 1296 1137 iniuria:

146 1166 303 1204 duobus
324 1164 451 1215 nupsi,
473 1172 611 1203 neuter
631 1164 722 1203 fecit
743 1165 852 1214 quod
874 1177 1002 1202 nouae
1023 1172 1169 1214 nuptae
1189 1165 1298 1202 solet.

145 1285 397 1328 spectatores,
418 1277 527 1326 quod
548 1277 759 1314 futurumst
780 1275 894 1322 intus,
918 1276 958 1314 id
981 1262 1297 1314 memorabimus.

145 1344 243 1381 haec
263 1342 407 1382 Casina
428 1341 558 1380 huiius
579 1341 791 1391 reperietur
812 1341 889 1379 filia
909 1354 994 1379 esse
1014 1354 1061 1379 ex
1081 1354 1272 1390 proxumo

145 1422 269 1458 eaque
290 1408 413 1447 nubet
435 1407 659 1457 Euthynico
680 1414 814 1445 nostro
834 1406 916 1445 erili
937 1407 1027 1445 filio.
1499 1424 1540 1456 50

0 1500 3 1504 -
41 1484 123 1521 1015
144 1488 251 1513 nunc
264 1487 335 1512 uos
348 1480 555 1523 aequomst
572 1472 754 1510 manibus
771 1471 917 1510 meritis
935 1472 1111 1510 meritam
1126 1473 1348 1511 mercedem
1362 1473 1455 1511 dare
1471 1487 1478 1511 :

144 1539 211 1589 qui
233 1539 335 1586 faxit,
358 1540 460 1577 clam
481 1551 642 1576 uxorem
664 1539 783 1576 ducet
805 1550 959 1587 semper
980 1544 1150 1575 scortum
1174 1539 1281 1587 quod
1303 1539 1433 1585 uolet3

145 1618 281 1642 uerum
303 1603 370 1654 qui
391 1617 471 1642 non
493 1603 675 1641 manibus
700 1605 801 1641 clare
823 1610 1015 1652 quantum
1037 1602 1179 1651 poterit
1199 1602 1393 1652 plauserit,

145 1670 180 1708 ei
201 1684 270 1720 pro
291 1678 420 1709 scorto
441 1678 685 1720 supponetur
704 1669 834 1708 hircus
856 1676 997 1707 unctus
1018 1676 1170 1707 nautea.

193 1786 273 1806 1002
298 1785 450 1806 eamasso
467 1774 500 1804 A
606 1785 688 1814 1004
713 1774 906 1806 Cleustrata
924 1774 1040 1805 addidi
1054 1774 1114 1814 (iii.
1135 1775 1169 1813 2)
1272 1783 1353 1812 1005
1371 1773 1475 1814 [rem]

146 1829 222 1850 uen.
247 1817 349 1859 Pov.
377 1819 411 1859 3)
549 1820 633 1850 1006
657 1819 691 1849 ni
716 1819 750 1849 P
882 1829 962 1858 1007
989 1824 1066 1849 tuae
1098 1817 1132 1847 P
1272 1818 1355 1848 1008
1380 1827 1476 1848 nemo

147 1872 287 1893 uxorem
303 1862 336 1892 A
449 1862 625 1902 quisquam
643 1873 709 1894 om.
729 1862 761 1892 A
922 1872 1005 1902 1009
1030 1863 1056 1892 si
1076 1861 1197 1892 Bothe:
1230 1871 1267 1903 se
1283 1861 1315 1891 A
1332 1873 1337 1892 :
1363 1872 1428 1891 om.
1447 1860 1481 1890 P

151 1916 234 1937 1010
253 1907 387 1945 insigne
405 1911 438 1937 te
453 1905 485 1936 P
500 1907 575 1946 (pro
592 1906 697 1936 -neite
710 1906 735 1945 ἓ)
871 1915 952 1937 1012
973 1916 1045 1946 sqq.
1060 1904 1268 1936 Pardaliscae
1284 1905 1342 1934 dat
1354 1904 1480 1934 Sclzoell

151 1951 233 1980 1016
257 1950 350 1980 ssaxit
368 1949 400 1979 P
485 1950 584 1980 ducat
602 1950 634 1979 P
720 1949 798 1979 nole
814 1948 847 1979 P
957 1959 1036 1988 1017
1050 1959 1116 1988 que
1130 1949 1161 1978 Ρ
1248 1948 1388 1988 proterit
1402 1947 1477 1987 plus

147 1993 210 2023 erit
226 1992 259 2023 P

192 2046 429 2068 FRAGMENTVM
460 2037 581 2068 taedeo
602 2037 653 2067 ‘in
672 2036 794 2067 Casina
811 2035 1100 2078 Plaut1·leg1‘mus‚’
1121 2035 1293 2066 (ledonius
1309 2046 1337 2074 5,
1357 2037 1398 2074 58
1414 2033 1456 2066 K.
