1727 2702
189 897 206 929 5

171 1225 210 1248 10

174 1551 207 1583 ¹5

172 1875 210 1897 20

702 385 1087 436 PROLOGVS

639 540 751 578 LAR
796 541 1142 578 FAMlLiARls

229 623 329 661 LAR.
363 623 424 660 Ne
445 621 532 672 quis
553 621 713 660 miretur
733 620 799 671 qui
820 621 906 669 sim,
929 620 1065 672 paucis
1085 622 1256 672 eloquar.

227 701 301 736 ego
324 688 398 724 Lar
417 699 504 724 sum
525 685 725 724 familiaris
745 699 793 724 ex
813 687 887 724 hac
909 685 1055 724 familia

228 752 334 790 unde
355 759 563 790 exeuntem
586 765 649 790 me
669 750 885 802 aspexistis.
944 752 1047 789 hanc
1068 752 1233 790 domum

228 816 305 854 iam
327 817 472 855 multos
492 829 618 855 annos
639 824 698 855 est
718 829 840 866 quom
862 815 1048 867 possideo
1068 824 1107 854 et
1127 817 1217 855 colo

228 882 326 932 patri
343 881 519 934 {auoque
540 882 616 920 iam
638 881 769 921 huiius
789 881 856 932 qui
877 895 983 920 nunc
1004 881 1068 920 hic
1088 881 1218 928 habet,

229 948 298 987 sed
320 947 415 985 mihi
435 959 533 985 auos
553 946 684 985 huiius
705 960 916 997 opsecrans
937 945 1183 985 concredidit

228 1012 309 1051 auri
332 1013 586 1051 thensaurum
608 1013 709 1051 clam
731 1011 884 1051 omnis:
913 1011 953 1050 in
976 1011 1109 1051 medio
1130 1012 1220 1050 foco

229 1077 391 1124 defodit,
414 1091 607 1116 uenerans
628 1076 692 1116 me
712 1084 755 1115 ut
775 1076 816 1116 id
836 1090 1031 1116 seruarem
1053 1075 1138 1115 sibi.

229 1143 260 1181 is
280 1142 468 1193 quoniam
491 1142 653 1181 moritur
674 1141 744 1193 (ita
763 1141 884 1181 auido
904 1141 1062 1192 ingenio
1082 1140 1183 1192 suit),

228 1222 445 1259 numquam
467 1208 641 1248 indicare
661 1208 702 1247 id
723 1207 804 1247 filio
824 1207 949 1247 uoluit
970 1221 1052 1254 suo,

227 1274 470 1325 inopemque
489 1273 641 1324 optauit
662 1273 793 1324 potius
813 1287 904 1312 eum
927 1267 1147 1323 relinquere>

227 1353 346 1390 quam
369 1353 459 1378 eum
481 1340 737 1377 thensaurum
759 1345 1057 1377 commostraret
1078 1337 1184 1386 fi1i0;

227 1404 306 1455 agri
328 1404 483 1455 reliquit
504 1404 539 1444 ei
561 1417 641 1443 non
662 1417 848 1454 magnum
871 1404 1048 1450 modum,

228 1484 308 1520 quo
329 1483 419 1508 cum
441 1470 574 1508 labore
596 1482 739 1520 magno
759 1476 798 1508 et
819 1468 957 1507 misere
978 1468 1138 1508 uiueret.

229 1534 295 1573 ubi
318 1534 348 1573 is
369 1534 467 1573 obiit
489 1542 655 1573 mortem
677 1533 743 1584 qui
766 1533 818 1572 mi
840 1533 880 1573 id
900 1547 1038 1572 aurum
1060 1533 1236 1578 credidit,

228 1599 341 1650 coepi
362 1613 582 1650 opseruare,
605 1599 720 1650 ecqui
742 1598 930 1638 maiorem
952 1598 1053 1638 filius

229 1664 324 1703 mihi
346 1666 537 1703 honorem
559 1665 720 1703 haberet
741 1677 859 1715 quam
881 1664 964 1704 eius
985 1664 1187 1704 habuisset
1207 1671 1326 1716 pater.

228 1738 347 1780 atque
367 1730 431 1769 ille
452 1743 546 1768 uero
568 1730 688 1768 minu'
711 1729 920 1781 minusque
941 1729 1146 1781 impendio

229 1809 362 1834 curare
384 1794 584 1845 minu'que
606 1808 668 1834 me
691 1795 887 1846 impertire
908 1795 1136 1835 honoribus.

229 1860 321 1899 item
343 1874 366 1898 a
387 1873 449 1898 me
470 1867 606 1899 contra
626 1861 773 1900 factum
793 1868 862 1908 est,
886 1861 977 1899 nam
999 1860 1091 1900 item
1113 1859 1211 1899 obiit
1231 1859 1348 1899 diem.

229 1925 260 1963 is
281 1939 327 1963 ex
348 1939 389 1964 se
410 1926 515 1964 hune
537 1925 691 1976 reliquit
712 1925 865 1980 qui,hic
885 1940 992 1965 nunc
1013 1925 1163 1965 habitat
1184 1925 1306 1964 filium

229 1989 371 2041 pariter
392 1999 584 2030 moratum
608 1999 649 2030 ut
670 1999 779 2042 pater
798 2005 974 2042 auosque
995 1990 1124 2030 huiius
1145 1990 1226 2030 fuit.

229 2055 321 2094 huic
343 2055 419 2094 filia
440 2070 518 2095 una
538 2064 605 2095 est.
665 2070 712 2095 ea
732 2056 826 2094 mihi
848 2056 1011 2096 cottidie

272 2170 292 2191 2
316 2169 388 2191 sum
408 2161 457 2191 lar
473 2159 559 2191 codd.
580 2159 743 2190 Prisciani
760 2169 786 2198 ι,
807 2169 880 2198 223,
903 2159 1003 2190 Probi
1016 2159 1129 2190 cathol.
1151 2169 1188 2198 ¹5
1350 2170 1366 2197 4
1385 2169 1483 2199 quom
1499 2162 1503 2198 1
1519 2163 1556 2190 ut

229 2203 315 2235 codd.
329 2204 509 2243 Nnnt'1'250
607 2213 625 2242 5
646 2203 800 2243 patriabo
814 2204 832 2234 i.
849 2203 936 2234 codd.
952 2203 1152 2242 Nonn'1'318:
1171 2202 1325 2243 patrique
1342 2213 1371 2234 a.
1386 2203 1406 2233 i.
1427 2202 1557 2232 Aldus:

231 2254 324 2287 patre
342 2248 419 2278 uiuo
437 2258 466 2278 a.
487 2247 507 2277 i.
521 2246 657 2277 Palmer
756 2257 772 2285 7
799 2247 844 2277 th.
864 2247 934 2277 auri
952 2246 1017 2277 cod.
1033 2258 1039 2278 :
1065 2247 1138 2278 [ναί.
1159 2246 1369 2276 Camerarius
1471 2247 1508 2276 16
1524 2249 1558 2276 ct

229 2293 283 2330 qui
302 2291 370 2322 cod.
390 2292 426 2323 (i.
450 2301 478 2330 7.
498 2291 532 2329 7)
551 2302 557 2320 z
581 2294 615 2320 et
639 2290 771 2329 quidem
790 2289 880 2321 codd.
909 2288 1011 2320 Nom'r'
1031 2300 1118 2329 320:
1142 2289 1262 2328 ecquid
1281 2289 1402 2319 Cacsar
1517 2298 1560 2318 20

231 2335 284 2364 dic
308 2334 374 2365 cod.
511 2344 551 2364 22
579 2344 728 2373 anusque
747 2335 821 2364 cius
838 2333 925 2365 codd.
944 2334 1038 2364 schol.
1060 2333 1150 2374 Vctg.
1165 2332 1279 2374 Georg.
1301 2343 1326 2372 1,
1352 2333 1434 2372 189:
1457 2342 1558 2372 atque

230 2388 314 2409 auus
331 2379 404 2409 eius
420 2377 508 2408 codd.
529 2377 633 2407 Nom'i
644 2387 708 2416 375

1580 1218 1624 1245 10

1579 1543 1618 1581 15

1577 1870 1622 1897 20
