1727 2702
119 111 173 149 11.
197 121 228 147 v
610 108 659 146 T.
691 107 872 147 MACCI
905 106 1108 145 PLAVTI

148 232 178 258 v
322 226 637 262 STRoniLvs
746 224 1026 261 ANTHRAx
1138 224 1400 263 CONGRlo

194 301 287 339 STR.
320 302 426 338 'l'ace
449 300 633 339 nunciam
655 307 709 347 tu,
730 306 849 350 atque
869 312 1014 349 agnum
1035 298 1128 338 hinc
1149 306 1234 338 uter
1253 306 1312 338 est
1332 297 1514 350 pinguior

189 363 305 416 (cape
325 373 444 415 atque
463 364 527 403 abi
550 364 651 403 intro
666 365 717 404 ad
739 362 843 416 nos.)
884 366 961 401 AN.
986 363 1239 403 licet.—STR.
1263 371 1316 411 tu,
1334 363 1519 414 Congrio,

191 430 297 468 hunc
318 443 430 468 sume
449 437 568 479 atque
587 429 651 468 abi
673 428 775 468 intro
795 428 874 475 illo,
897 435 934 466 et
956 441 1028 467 uos
1049 427 1157 467 illurn
1179 428 1399 479 sequimini.

190 509 263 534 uos
283 495 400 534 ceteri
422 495 474 533 ite
495 496 572 533 huc
593 495 643 533 ad
663 507 746 533 nos.
807 495 879 533 Co.
912 494 1043 532 hercle
1063 493 1204 532 iniuria
1541 501 1606 537 330

152 570 168 601 5
189 559 442 610 dispertiuisti
461 575 467 597 :
498 558 743 609 pinguiorem
763 571 909 609 agnum
930 557 991 597 isti
1013 558 1171 597 habent.

189 627 282 664 STR.
314 632 353 663 at
374 637 480 663 nunc
500 623 571 662 tibi
592 623 749 663 dabitur
768 623 949 674 pinguior
969 622 1140 663 tibicina.

188 688 200 728 i
221 703 315 728 sane
335 703 426 728 cum
447 689 526 736 illo,
550 688 729 739 Phrugia.
788 696 829 727 tu
849 696 995 735 autem,
1020 688 1235 736 Eleusium‚

188 755 265 793 huc
287 755 388 793 intro
408 754 472 793 abi
493 756 544 794 ad
566 768 649 793 nos.
710 755 783 794 Co.
815 768 839 793 o
860 753 1030 792 Strobile
1051 754 1229 800 subdole,

188 820 357 859 huccine
378 819 542 859 detrusti
565 833 628 858 me
648 821 699 858 acl
720 833 855 858 senem
878 819 1196 869 parcissumum?
1538 824 1605 861 335

129 900 167 922 ιο
187 886 253 923 ubi
276 885 306 923 si
328 885 424 935 quid
445 898 619 935 poscam,
642 898 768 935 usque
787 885 838 923 ad
859 884 983 923 rauim
1004 897 1166 935 poscam
1188 883 1293 934 prius

186 962 305 999 quam
327 949 539 1000 quicquam
561 951 685 989 detur.
755 951 848 988 STR.
881 950 1044 996 stultu’s,
1067 956 1106 988 et
1126 948 1210 988 sine
1229 948 1351 998 gratia
1369 955 1429 987 est

186 1013 239 1052 ibi
261 1022 364 1053 recte
385 1016 522 1062 facere,
546 1015 708 1064 quando
729 1014 838 1064 quod
859 1013 978 1052 facias
998 1013 1107 1064 perit.

187 1081 258 1118 Co,
292 1079 359 1129 qui
380 1081 505 1118 uero?
560 1080 653 1118 STR.
686 1078 858 1129 rogitas?
887 1078 964 1117 iam
986 1077 1181 1129 principio
1201 1077 1242 1117 in
1260 1077 1426 1118 aedibus

187 1144 300 1182 turba
321 1144 406 1182 istic
428 1145 535 1182 nulla
555 1143 625 1182 tibi
646 1143 740 1182 erit:
770 1143 900 1194 siquid
922 1143 977 1182 uti
999 1145 1120 1190 uoles,
1537 1153 1607 1188 340

129 1225 164 1258 15
185 1210 308 1248 domo
328 1223 397 1260 aps
418 1217 456 1247 te
475 1210 638 1255 adferto,
661 1221 712 1247 ne
731 1221 890 1258 operam
912 1209 1053 1259 perdas
1073 1221 1244 1259 poscere.

185 1273 248 1312 hic
268 1281 400 1312 autem
422 1275 528 1324 apud
550 1287 622 1312 nos
643 1286 785 1324 magna
805 1273 919 1312 turba
938 1287 985 1312 ac
1005 1272 1152 1312 familia
1171 1279 1240 1320 est,

185 1340 370 1389 supellex,
392 1353 542 1386 aurum,
566 1338 696 1386 uestis,
719 1352 814 1376 uasa
833 1345 1041 1389 argentea:

184 1403 236 1441 ibi
258 1403 289 1442 si
311 1403 465 1455 perierit
486 1403 689 1454 quippiam
711 1404 837 1454 (quod
859 1410 897 1442 te
917 1402 1000 1442 scio

184 1468 296 1507 facile
316 1468 512 1520 apstinere
532 1482 658 1518 posse,
681 1467 712 1506 si
734 1467 831 1506 nihil
852 1467 1014 1507 obuiam
1035 1467 1122 1519 est),
1534 1477 1601 1514 345

125 1550 164 1572 20
183 1533 316 1573 dicant
334 1549 340 1571 :
371 1533 487 1584 coqui
508 1535 763 1583 apstulerunt‚
787 1532 1124 1583 comprehendite,

182 1598 339 1646 uincite‚
362 1599 576 1645 uerberato,
600 1597 639 1636 in
661 1605 824 1648 puteum
845 1597 1017 1637 condite.

181 1665 321 1703 horum
344 1663 413 1702 tibi
435 1663 521 1702 istic
542 1663 638 1701 nihil
661 1662 817 1702 eueniet
839 1661 1004 1714 (quippe
1024 1662 1090 1713 qui

181 1728 248 1767 ubi
265 1728 361 1779 quid
380 1728 577 1778 surrupias
598 1727 694 1766 nihil
716 1727 806 1778 est).
855 1741 1018 1778 sequere
1039 1729 1112 1766 hac
1135 1741 1207 1766 me.
1253 1728 1326 1767 Co.
1359 1740 1510 1778 sequor.

117 1826 163 1864 vi
302 1828 616 1864 S'rRoniLvs
727 1828 1022 1866 STAPHYLA
1134 1828 1395 1866 CONouio

182 1897 275 1935 STR.
310 1897 434 1943 chs,
458 1897 655 1946 Staphyla,
686 1897 798 1948 prodi
827 1904 945 1947 atque
972 1896 1115 1936 ostium
1147 1896 1263 1947 aperi.
1323 1899 1412 1934 ΒΓΑ.
1445 1894 1511 1945 qui
1532 1902 1600 1939 350

1368 1962 1514 1999 uocat?

182 2028 274 2065 S-nz.
299 2025 500 2064 Strobilus.
552 2028 642 2065 STA.
675 2026 771 2076 quid
787 2026 875 2065 uis?
922 2028 1014 2065 STR.
1039 2027 1112 2065 hos
1125 2033 1167 2065 ut
1179 2024 1349 2076 accipias
1362 2039 1513 2076 coquos

223 2130 289 2168 328
307 2129 461 2159 lacunam
474 2129 617 2169 signavit
626 2129 665 2162 P,
680 2133 716 2159 u!
730 2129 792 2161 vid.
814 2128 916 2169 (unde
928 2139 1168 2160 novaescaenae
1178 2128 1340 2168 tbtscrt'ptt'o
1351 2128 1383 2157 in
1397 2127 1490 2168 FBD)
1507 2139 1514 2159 ε

180 2173 282 2213 suppl.
301 2172 366 2202 Leo
455 2182 519 2212 329
544 2172 632 2203 hunc
646 2171 818 2203 Lebreton:
836 2183 910 2203 cum
929 2172 993 2204 cod.
1045 2172 1122 2203 illuc
1138 2171 1204 2203 cod.
1250 2171 1364 2210 eum]
1449 2173 1514 2211 336

181 2217 341 2247 adm-auin
359 2216 423 2247 cod.
440 2228 446 2247 ε
473 2219 613 2246 testatur
628 2216 733 2246 rauim
751 2215 883 2246 Nonius
903 2217 962 2255 164
1038 2225 1172 2256 poscam
1185 2214 1274 2246 codd.
1290 2215 1394 2245 Nom‘i
1411 2216 1468 2252 164
1486 2219 1515 2245 ct

181 2269 242 2298 374
258 2271 263 2289 τ
291 2270 468 2299 poscamus
486 2259 551 2290 cod.
567 2260 643 2299 (qui
652 2260 751 2290 eliam
766 2270 944 2298 poscamus
957 2270 1042 2299 quac
1058 2264 1118 2299 pro
1135 2268 1270 2299 poscam
1289 2268 1394 2298 usquc
1405 2258 1511 2292 habet)

181 2313 253 2343 337,
282 2305 346 2342 338
373 2314 409 2333 cs
433 2303 506 2333 Tibi
532 2303 598 2335 cod.
749 2303 814 2342 338
837 2302 894 2333 del.
929 2301 1036 2342 cht'se,
1056 2301 1193 2342 Langen
1217 2301 1328 2341 (Ba'tr.
1360 2311 1418 2340 132
1442 2304 1511 2341 sq.)

181 2357 245 2386 339
263 2347 325 2376 iam
346 2348 377 2377 in
397 2357 445 2385 pr.
465 2347 495 2376 in
516 2346 547 2376 B
690 2355 755 2385 340
787 2346 860 2377 istic
884 2346 1080 2377 Taubmamt
1098 2358 1105 2377 ε
1129 2346 1214 2376 istuc
1231 2344 1297 2376 cod.
1399 2345 1425 2376 si
1454 2345 1509 2384 qni

182 2390 400 2428 Camerarius,
423 2391 482 2428 qui
503 2390 614 2428 siquid
638 2399 703 2419 non
725 2390 870 2429 agnoscit
1001 2391 1066 2429 346
1096 2389 1222 2429 quoqui
1247 2388 1312 2419 cod.
1447 2399 1512 2428 349

181 2433 344 2472 subripiat
361 2432 445 2463 cod.:
470 2443 548 2463 corr.
573 2432 760 2463 Lambinus
