1727 2702
163 126 203 165 11

180 442 222 478 70

181 1156 223 1185 80

175 1944 217 1975 90

238 127 268 164 ii
657 127 704 164 T.
737 125 917 165 MACCI
951 126 1151 164 PLAVTI

240 237 314 275 AL.
345 236 531 287 equidem
558 243 711 275 ecastor
737 234 857 286 uigilo
883 241 921 273 et
948 234 1114 286 uigilans
1140 234 1181 274 id
1207 236 1316 286 quod
1344 236 1490 274 sactum
1510 241 1570 274 est

1404 300 1566 338 fabulor.

242 381 333 406 nani
347 367 498 405 dudum
516 375 607 405 ante
621 367 749 404 lucem
767 373 805 404 et
819 365 948 404 istunc
961 372 999 404 et
1016 373 1053 404 te
1067 364 1160 404 uidi.
1203 367 1284 404 ΛΜ.
1307 365 1388 415 qud
1401 364 1440 403 in
1457 366 1570 403 loco?

241 433 316 470 AL.
346 431 409 470 hic
430 431 469 469 in
490 430 656 469 aedibus
680 430 748 469 ubi
776 438 817 469 tu
845 430 1010 469 habitas.
1069 432 1151 468 AM.
1185 443 1400 480 numquam
1422 431 1568 468 facturn
1590 443 1661 477 700

1112 503 1181 534 est.
1240 497 1304 533 So.
1337 508 1416 533 non
1437 495 1572 533 taces?

242 561 339 613 quid
359 562 389 600 si
411 577 431 601 e
452 570 566 612 portu
588 561 699 600 nauis
721 563 798 600 huc
819 575 891 600 nos
912 560 1144 600 dormientis
1164 559 1334 599 detulit?

243 629 325 666 Am.
357 627 474 666 etiam
497 635 537 665 tu
559 641 719 677 quoque
739 625 956 665 adsentaris
977 627 1099 664 hu'i'c?
1155 626 1220 664 SO.
1252 623 1348 675 quid
1369 623 1428 662 uis
1449 623 1560 663 fieri?

243 706 324 730 non
346 701 385 730 tu
407 691 512 730 scis?
542 693 722 730 Bacchae
744 690 952 729 bacchanti
974 690 1005 729 si
1027 690 1124 729 uelis
1144 689 1396 736 aduorsarier‚

241 772 287 796 ex
309 757 446 796 insana
468 757 704 796 insaniorem
726 756 856 804 facies,
879 756 990 795 feriet
1011 755 1190 806 saepius;

181 832 197 844 ⁵·
242 823 271 861 si
294 836 526 873 opsequare,
547 835 625 860 una
646 823 818 860 resoluas
840 823 963 872 plaga.
1024 822 1106 859 AM.
1138 828 1177 858 at
1198 821 1263 871 pol
1285 819 1350 870 qui
1373 827 1479 859 certa
1499 833 1558 859 res
1592 831 1658 868 705

242 889 345 925 hanc
365 895 422 926 est
443 887 658 937 obiurgare,
682 900 784 936 quae
805 900 868 925 me
889 886 1009 925 hodie
1028 885 1308 925 aduenientem
1329 886 1494 924 domum

243 953 410 992 noluerit
435 954 614 991 salutare.
674 954 739 992 So.
772 951 948 990 inritabis
969 953 1190 990 crabrones.
1250 953 1333 989 AM.
1366 958 1461 989 tace.

242 1020 476 1065 Alcumena,
498 1031 621 1055 unum
643 1031 777 1067 rogare
799 1025 836 1055 te
858 1018 962 1055 uolo.
1021 1019 1094 1054 AL.
1127 1015 1286 1066 quiduis
1306 1029 1409 1066 roga.

243 1086 325 1121 AM.
357 1097 452 1121 num
474 1082 544 1122 tibi
565 1090 631 1121 aut
653 1081 816 1121 stultitia
837 1081 1002 1120 accessit
1022 1088 1089 1120 aut
1110 1088 1266 1131 superat
1287 1079 1499 1130 superbia?

242 1150 314 1186 AL.
347 1149 414 1198 qui
435 1147 534 1186 istuc
556 1147 596 1185 in
618 1154 829 1186 mentemst
852 1146 923 1185 tibi
944 1160 990 1185 ex
1011 1159 1085 1193 me,
1109 1145 1162 1184 mi
1187 1145 1259 1193 uir,
1278 1144 1573 1196 percontarier?
1592 1160 1662 1194 710

242 1215 324 1251 AM.
357 1213 449 1263 quia
469 1214 636 1251 salutare
656 1211 937 1256 aduenientem
959 1225 1022 1249 me
1043 1211 1197 1250 solebas
1217 1209 1414 1256 antidhac,

241 1280 437 1329 appellare
458 1278 595 1317 itidem
617 1285 659 1316 ut
681 1277 850 1328 pudicae
873 1290 965 1315 suos
986 1276 1091 1315 uiros
1112 1289 1214 1326 quae
1233 1283 1324 1314 sunt
1344 1276 1482 1314 solent.

241 1357 290 1383 eo
311 1357 419 1383 more
439 1351 638 1394 expertem
658 1351 696 1382 te
716 1344 860 1382 factam
881 1341 1099 1381 adueniens
1120 1341 1267 1381 offendi
1287 1340 1407 1380 domi.

241 1411 313 1447 AL.
345 1417 497 1448 ecastor
518 1408 704 1459 equidem
726 1416 764 1446 te
785 1415 892 1447 certo
914 1406 996 1445 heri
1016 1406 1296 1446 aduenientem
1317 1405 1408 1445 ilico

239 1482 277 1512 et
298 1474 464 1513 salutaui
485 1482 522 1512 et
543 1473 785 1512 ualuissesne
806 1486 931 1523 usque
951 1471 1143 1522 exquisiui
1164 1471 1291 1518 simul,
1590 1473 1656 1510 715

240 1539 291 1577 mi
313 1540 382 1586 uir,
406 1547 442 1578 et
465 1553 626 1577 manum
648 1537 839 1589 prehendi
862 1545 899 1576 et
921 1538 1100 1575 osculum
1123 1536 1232 1575 tetuli
1254 1535 1334 1574 tibi.

239 1606 306 1643 So.
339 1612 408 1643 tun
439 1604 521 1643 heri
556 1605 662 1642 hunc
697 1601 944 1641 salutauisti?
1001 1603 1072 1639 AL.
1106 1609 1143 1640 et
1174 1608 1211 1640 te
1245 1615 1406 1652 quoque
1439 1601 1569 1649 etiam,

1447 1667 1567 1706 Sosia.

238 1736 303 1774 So.
336 1734 585 1785 Amphitru0‚
610 1733 763 1783 speraui
785 1746 858 1783 ego
880 1732 992 1771 istam
1015 1731 1084 1770 tibi
1106 1731 1315 1782 parituram
1338 1731 1486 1779 filium;

238 1814 375 1839 uerum
416 1814 495 1839 non
535 1807 593 1838 est
633 1813 756 1849 puero
794 1798 966 1849 grauida,
1037 1800 1118 1835 ΛΜ.
1160 1797 1256 1848 quid
1295 1797 1438 1848 igitur?
1501 1799 1566 1837 So.

1405 1862 1566 1901 insania.

236 1931 309 1968 AL.
341 1929 527 1980 equidem
564 1943 659 1968 sana
693 1943 780 1968 sum
815 1937 853 1968 et
889 1930 986 1968 deos
1021 1942 1168 1979 quaeso
1203 1936 1244 1967 ut
1279 1929 1387 1966 salua
1421 1927 1567 1978 pariam
1588 1939 1657 1973 720

1431 1991 1564 2030 filium.

237 2074 374 2098 uerum
392 2068 431 2098 tu
451 2062 596 2098 malum
616 2061 801 2110 magnum
820 2059 984 2099 habebis
1001 2059 1031 2098 si
1050 2059 1112 2098 hic
1129 2072 1241 2097 suom
1259 2057 1430 2097 officium
1447 2056 1555 2096 facit:

236 2125 289 2163 ob
312 2125 409 2162 istuc
431 2140 561 2172 omen,
585 2125 792 2171 ominator,
815 2125 946 2175 capies
968 2125 1076 2174 quod
1097 2132 1135 2162 te
1155 2125 1357 2163 condecet.

282 2239 343 2268 705
369 2230 439 2260 obs.
471 2241 536 2260 una
563 2229 801 2260 Camerarius:
825 2228 995 2267 obsequar
1021 2228 1098 2258 suna
1123 2226 1183 2258 cod
1206 2227 1323 2268 (Fpro
1341 2226 1382 2257 Ei
1496 2236 1565 2257 rem

237 2272 351 2303 soluas
368 2273 505 2303 Pistoris
526 2273 580 2313 (cf.
598 2273 696 2303 Asin.
718 2273 797 2312 433)
900 2274 963 2310 706
985 2272 1034 2302 vel
1050 2271 1124 2302 med
1260 2272 1321 2310 708
1339 2280 1419 2309 roga
1432 2268 1565 2300 Aldus:

238 2327 356 2355 rogare
373 2327 454 2356 roga
465 2316 531 2348 cod.
551 2317 607 2348 (iv,
626 2327 655 2355 2,
673 2316 707 2356 3]
831 2325 893 2354 709
918 2325 994 2345 num
1016 2315 1247 2346 Camerarius:
1267 2324 1356 2344 nunc
1372 2312 1440 2344 cod.
1503 2324 1565 2353 7¹0

238 2365 352 2390 mente
369 2366 420 2391 est
439 2359 519 2394 cod..
536 2360 633 2390 etiam
647 2358 736 2391 codd.
753 2358 858 2390 Nonis
872 2369 911 2397 44
931 2361 1007 2398 (pro
1024 2363 1181 2391 mentest.
1201 2359 1219 2388 ι’.
1235 2368 1257 2387 c.
1271 2362 1351 2388 -tcm
1363 2358 1429 2395 cst)
1519 2366 1562 2386 cx

239 2414 290 2434 me
307 2403 393 2434 codd.
416 2403 540 2434 Nom'n':
573 2414 638 2435 om.
657 2402 724 2434 cod.
846 2411 907 2441 714
933 2401 1003 2432 heri
1021 2401 1130 2444 (huc)
1147 2400 1284 2432 Mueller
1399 2410 1460 2439 722
1484 2409 1561 2430 con-

237 2447 335 2478 cedet
351 2446 416 2477 cod.
436 2449 531 2487 (corr.
543 2446 589 2487 J)
