1727 2712
642 93 929 133 CVRCVLIO
1428 94 1457 130 Ι.
1477 94 1491 129 i

59 209 104 248 50
124 203 196 240 PH.
229 210 287 241 est
308 204 437 242 hercle
458 204 511 243 ita
531 213 573 243 ut
594 213 634 244 tu
656 205 764 244 dicis.
824 208 893 244 ΡΑ.
926 205 1057 244 iamne
1077 219 1123 244 ea
1143 207 1216 245 fest
1236 205 1400 255 iugum?
1481 220 1522 252 50

121 269 194 305 PH.
228 276 307 306 tam
328 282 351 307 a
371 283 434 308 me
455 270 600 319 pudica
619 279 677 310 est
698 271 808 321 quasi
829 284 938 310 soror
958 284 1046 309 mea
1066 271 1125 318 sit,
1149 270 1222 310 nisi

119 332 151 370 si
172 341 229 371 est
250 335 469 373 osculando
491 335 694 386 quippiam
715 335 948 386 inpudicior.

119 399 188 435 PA.
221 411 376 448 semper
396 407 437 437 tu
459 399 569 447 scito,
592 401 752 439 flamma
771 402 881 439 fumo
903 408 960 439 est
981 414 1172 452 proxuma
1189 415 1198 448 3

118 463 228 501 fumo
249 463 428 502 comburi
451 464 505 502 nil
526 472 667 515 potest,
689 466 849 504 flamma
868 473 1009 516 potest.

58 539 97 576 55
119 527 185 578 qui
213 527 217 580 l
243 541 264 567 e
284 542 386 568 nuce
408 531 621 569 nuculeum
642 544 727 570 esse
747 532 840 577 uolt,
864 531 1004 581 frangit
1025 544 1168 570 nucem
1189 546 1195 569 :
1480 544 1520 576 55

118 592 186 643 qui
207 594 289 631 uolt
311 594 465 642 cubare,
490 595 628 646 pandit
649 597 791 634 saltum
814 595 943 634 sauiis.

119 660 192 696 PH.
225 666 264 697 at
285 659 350 698 illa
370 662 428 699 e'st
449 661 594 711 pudica
613 675 743 712 neque
763 663 858 700 dum
881 661 1031 700 cubitat
1051 675 1142 700 cum
1164 661 1267 700 uiris.

118 725 186 761 ΡΑ.
220 726 389 771 credam,
413 727 541 775 pudor
561 726 592 764 si
613 726 829 776 quoiquam
850 726 983 765 lenoni
1005 726 1087 765 siet.

118 791 192 827 PH.
225 789 348 828 immo
370 798 411 828 ut
432 790 537 829 illam
559 792 728 829 censes?
757 798 799 829 ut
819 803 1000 841 quaeque
1020 791 1073 829 illi
1095 790 1288 830 occasiost

54 855 101 891 60
118 868 323 905 surrupere
345 868 386 894 se
406 857 457 894 ad
478 869 551 903 me,
575 855 643 894 ubi
664 855 817 894 sauium
839 855 1009 906 oppegit,
1033 855 1140 906 fugit.
1473 860 1518 893 60

117 920 157 958 id
179 934 226 960 eo
248 922 300 967 fit,
325 921 416 971 quia
437 921 500 959 hic
521 922 624 968 leno,
645 920 726 973 <hic
748 919 833 973 qui)
851 929 1032 971 aegrotus
1057 920 1220 959 incubat

115 985 155 1023 in
176 987 388 1037 Aesculapi
410 988 512 1033 fano,
536 986 567 1024 is
589 1000 652 1025 me
673 985 878 1025 excruciat.
939 987 1007 1024 ΡΑ.
1040 985 1137 1036 quid
1158 988 1248 1024 est?

118 1052 191 1089 PH.
223 1052 318 1090 alias
340 1066 403 1090 me
424 1052 550 1102 poscit
571 1065 642 1102 pro
662 1052 727 1090 illa
747 1051 903 1102 triginta
924 1050 1061 1098 minas,

115 1116 210 1155 alias
232 1119 422 1156 talentum
445 1130 631 1168 magnum
647 1132 656 1164 3
686 1130 815 1167 neque
836 1116 1048 1167 quicquam
1070 1130 1175 1166 queo

52 1187 94 1232 65
115 1182 232 1232 aequi
252 1184 428 1233 bonique
448 1183 499 1221 ab
519 1196 567 1222 eo
583 1182 800 1232 impetrare.
862 1183 930 1219 ΡΑ.
963 1181 1136 1220 iniuriu’s
1474 1188 1515 1230 ⁶5

116 1248 182 1297 qui
204 1250 313 1298 quod
334 1248 466 1287 lenoni
488 1248 583 1286 nulli
605 1256 663 1286 est
685 1247 724 1286 id
745 1247 796 1285 ab
817 1260 865 1285 eo
885 1254 1006 1297 petas.

116 1313 190 1351 PH.
222 1327 328 1353 nunc
350 1314 442 1352 hinc
463 1313 674 1364 parasitum
696 1313 736 1351 in
758 1312 912 1351 Cariam
943 1312 1027 1350 misi
1050 1325 1184 1351 meum

113 1378 279 1428 petitum
300 1386 504 1428 argentum
526 1392 548 1416 a
569 1391 658 1416 meo
679 1377 805 1416 sodali
826 1384 1017 1415 mutuom.

114 1444 223 1493 quod
245 1443 275 1481 si
296 1457 376 1482 non
397 1444 536 1490 adfert,
557 1456 637 1493 quo
657 1456 721 1481 me
742 1450 894 1480 uortam
916 1442 1060 1481 nescio.

51 1519 97 1554 70
116 1509 184 1546 PA.
217 1508 247 1546 si
268 1509 365 1547 deos
387 1510 545 1556 salutas,
565 1509 865 1547 dextrouorsum
887 1520 1041 1545 censeo.
1471 1520 1512 1555 70

114 1575 187 1611 PH.
221 1587 327 1613 nunc
346 1587 412 1612 ara
431 1573 597 1612 Veneris
617 1574 715 1611 haec
736 1580 794 1610 est
813 1580 905 1610 ante
925 1573 1076 1611 horunc
1097 1573 1198 1612 fores
1214 1588 1224 1621 ‚-
1330 1573 1333 1577 '
1430 1573 1435 1579 '

112 1652 175 1677 me
196 1638 335 1678 inferre
355 1638 501 1677 Veneri
522 1638 616 1677 uoui
637 1637 926 1677 iaientaculum.

114 1705 181 1741 ΡΑ.
214 1704 340 1754 quid?
369 1712 406 1743 te
427 1712 644 1754 antepones
665 1703 810 1742 Veneri
831 1702 1099 1741 iaientaculo?

114 1770 186 1807 PH.
220 1782 293 1816 me,
317 1769 354 1807 te
383 1777 501 1819 atque
531 1770 651 1807 hosce
680 1768 819 1807 omnis.
880 1770 949 1806 ΡΑ.
981 1776 1063 1806 tum
1092 1776 1134 1807 tu
1154 1770 1351 1808 Venerem
1381 1783 1447 1809 uo-

1246 1848 1351 1873 mere
1372 1835 1442 1874 uis.

48 1906 88 1943 75
112 1900 186 1937 PH.
227 1900 340 1946 cedo,
371 1913 504 1950 puere,
534 1899 674 1937 sinum.
739 1900 807 1937 ΡΑ.
849 1898 946 1949 quid
975 1900 1187 1938 facturu’s?
1255 1902 1328 1938 PH.
1365 1900 1443 1939 iam
1465 1910 1504 1945 75

1330 1965 1440 2005 scies.

108 2041 206 2068 anus
226 2028 290 2067 hic
311 2031 410 2068 solet
431 2030 574 2068 cubare
597 2037 729 2067 custos
751 2028 915 2076 ianitrix,

153 2142 194 2173 55
219 2144 237 2163 e
256 2143 342 2164 nuce
359 2134 415 2172 qui
436 2134 475 2173 (Υ,
495 2133 560 2163 Leo
650 2133 813 2164 nuculeos
829 2132 916 2164 codd.
937 2132 1138 2173 Mavrobiig,
1162 2135 1211 2173 18,
1236 2146 1271 2173 14
1361 2135 1442 2179 (se)

111 2187 188 2207 esse
205 2176 345 2207 Mueller
360 2177 492 2215 *sRlzeim
512 2175 602 2207 Mus.
622 2186 679 2216 54,⁴
692 2177 770 2215 388)
822 2180 896 2217 post
912 2187 939 2207 v.
955 2178 997 2207 60
1015 2177 1170 2207 lacunam
1189 2179 1274 2219 sign.
1289 2178 1446 2210 Bosscher

113 2220 170 2250 ‘de
188 2220 298 2251 Cum-,³
318 2221 338 2251 8
485 2222 524 2250 61
552 2221 605 2250 hic
628 2220 684 2259 qui
703 2219 777 2250 add.
795 2220 860 2250 Leo
949 2220 968 2252 1.
987 2220 1039 2251 hic
1056 2219 1191 2263 (nunc)
1213 2221 1353 2252 Mueller
1373 2223 1393 2254 l.
1413 2235 1435 2254 c.

99 2264 181 2302 son.
205 2263 338 2307 (nunc)
360 2264 424 2295 inc.
560 2265 602 2302 65
627 2264 786 2294 iniurium
812 2268 864 2294 est
887 2263 953 2294 cod.
1087 2265 1130 2293 66
1153 2264 1225 2306 qui]
1253 2266 1330 2304 quid
1360 2266 1440 2296 pm>

928 2315 975 2331 are

108 2350 150 2380 73
174 2341 366 2415 ielientactgi
382 2340 472 2372 codd.
493 2341 597 2370 Nonii
613 2341 674 2370 126
806 2341 848 2380 76
872 2341 972 2372 cubat
993 2344 1030 2371 ut
1044 2339 1106 2371 vid.
1125 2340 1184 2371 cod
1210 2342 1372 2375 scubitare
1388 2342 1436 2373 Βι

108 2387 146 2416 ut
161 2385 194 2415 vi
217 2409 237 2421 .,
254 2386 310 2416 vix
363 2388 382 2423 ·)
