1727 2702
150 112 202 150 II.
226 112 268 149 iii
635 113 683 149 T.
717 110 896 150 MACCI
931 111 1134 148 PLAVTI

224 221 275 259 mi
296 223 536 260 aduorsatur.
570 221 725 260 subolet
745 222 823 259 hoc
843 220 919 258 iam
941 219 1049 258 uxori
1071 220 1178 269 quod
1199 233 1272 270 ego
1293 219 1521 260 machinor:

224 295 380 338 propter
400 301 486 325 eam
508 300 590 325 rem
611 286 734 336 magis
753 285 945 336 armigero
965 286 1031 324 dat
1052 298 1211 335 operam
1233 286 1283 324 de
1304 285 1504 325 industria.

159 402 206 438 iv
520 398 814 437 CHALvas
925 397 1252 434 LYS1DAMvs

226 485 295 522 Lv.
329 484 408 534 Qui
439 483 548 522 illum
578 483 618 522 di
649 496 787 522 omnes
817 484 995 533 deaeque
1025 483 1217 533 perdant!
1276 483 1355 523 Cu.
1390 491 1428 522 te
1458 497 1554 522 uxor

1284 548 1413 587 aiebat
1433 557 1553 588 tua—

225 629 288 654 me
304 628 456 654 uocare.
517 616 586 653 Lv.
619 626 691 665 ego
707 614 812 653 enim
834 612 965 652 uocari
986 613 1089 652 iussi.
1150 615 1227 654 CH.
1259 616 1442 665 eloquere
1458 615 1553 665 quid
1574 625 1642 658 280

1444 680 1551 719 uelis.

226 746 296 783 Lv.
329 744 498 795 primum
520 757 593 794 ego
614 752 652 783 te
672 743 908 794 porrectiore
930 745 1057 783 fronte
1077 745 1170 783 uolo
1193 757 1347 783 mecum
1369 746 1475 796 loqui
1491 761 1501 793 3

226 810 389 848 stultitia
410 818 467 847 est
488 809 522 848 ei
544 817 582 847 te
603 822 687 847 esse
709 809 856 847 tristem
878 809 1020 859 quoius
1042 817 1215 859 potestas
1237 799 1323 859 plus
1345 818 1484 860 potest.

189 893 206 924 5
227 875 394 925 probum
423 882 460 912 et
488 874 585 924 frugi
612 873 815 912 hominem
844 872 919 911 iam
948 873 1099 924 pridem
1127 886 1213 912 esse
1239 874 1412 913 arbitror.
1472 876 1550 915 CH.

1356 939 1550 990 intellego.

224 1005 331 1055 quin,
354 1005 384 1043 si
406 1005 458 1043 ita
478 1004 674 1051 arbitrare,
697 1004 841 1043 emittis
863 1017 926 1043 me
947 1005 1096 1042 manu?
1153 1005 1222 1042 Lv.
1255 1004 1349 1054 quin
1371 1005 1410 1043 id
1432 1007 1533 1044 uolo.
1575 1013 1684 1055 284—5

225 1071 295 1108 sed
317 1069 412 1107 nihil
435 1077 491 1107 est
514 1082 576 1107 me
598 1082 741 1119 cupere
762 1069 918 1116 factum,
943 1068 1016 1107 nisi
1038 1076 1079 1107 tu
1101 1068 1212 1107 factis
1231 1069 1406 1108 adiuuas.

226 1136 304 1174 CH.
337 1134 433 1184 quid
454 1134 551 1172 uelis
574 1134 695 1172 modo
716 1133 756 1172 id
777 1133 895 1172 uelim
919 1146 981 1172 me
1001 1133 1109 1172 scire.
1171 1135 1239 1172 Lv.
1272 1135 1460 1181 ausculta,
1483 1147 1556 1184 ego

1406 1201 1553 1250 loquar.

226 1265 413 1305 Casinam
435 1277 507 1314 ego
528 1277 688 1303 uxorem
711 1263 870 1314 promisi
892 1263 1010 1302 uilico
1030 1271 1165 1302 nostro
1185 1264 1288 1302 dare.

171 1347 207 1368 10
227 1331 303 1369 CH.
335 1338 374 1368 at
395 1337 461 1367 tua
482 1342 577 1367 uxor
597 1329 778 1378 filiusque
799 1328 1061 1378 promiserunt
1082 1328 1189 1367 mihi.
1252 1330 1320 1367 Lv.
1353 1329 1445 1367 scio.

226 1396 296 1434 sed
317 1403 445 1433 utrum
467 1407 573 1432 nunc
594 1402 634 1432 tu
656 1393 846 1432 caelibem
868 1401 906 1432 te
927 1393 1012 1432 esse
1033 1393 1158 1432 mauis
1179 1393 1345 1433 liberum
1575 1410 1646 1445 290

225 1474 276 1499 an
298 1460 479 1498 maritum
501 1472 656 1498 seruom
677 1466 845 1498 aetatem
867 1459 1009 1509 degere
1029 1466 1066 1498 et
1086 1467 1225 1509 gnatos
1246 1461 1364 1498 tuos?

227 1527 336 1578 optio
357 1527 453 1564 haec
475 1534 540 1564 tua
560 1533 617 1564 est
635 1541 641 1564 :
672 1533 796 1564 utram
819 1527 956 1564 harum
978 1525 1037 1564 uis
1057 1525 1335 1565 condicionem
1355 1525 1500 1576 accipe.

228 1594 305 1631 (jn.
338 1591 435 1630 liber
455 1590 485 1628 si
507 1590 591 1635 sim,
614 1603 702 1628 meo
723 1590 869 1640 periclo
890 1590 1021 1628 uiuam
1039 1605 1048 1637 ;
1076 1603 1182 1629 nunc
1203 1590 1296 1629 uiuo
1316 1598 1395 1629 tuo.

172 1674 206 1706 15
227 1658 277 1695 de
299 1655 443 1695 Casina
463 1663 611 1694 certum
632 1663 690 1693 est
711 1657 929 1694 concedere
950 1655 1099 1694 homini
1121 1663 1214 1693 nato
1235 1655 1393 1694 nemini.

231 1724 298 1760 Lv.
322 1722 423 1760 intro
436 1721 499 1760 abi
513 1729 631 1771 atque
643 1728 820 1759 actutum
835 1734 995 1759 uxorem
1010 1722 1086 1759 huc
1100 1734 1225 1760 euoca
1237 1728 1328 1759 ante
1343 1720 1452 1760 aedis
1465 1720 1554 1768 cito,
1576 1732 1640 1769 295

228 1795 265 1825 et
286 1787 452 1826 sitellam
474 1787 552 1825 huc
572 1794 702 1825 tecum
724 1787 871 1825 ecferto
891 1788 981 1825 curn
1003 1798 1105 1836 aqua
1125 1793 1164 1825 et
1184 1786 1308 1825 sortis,
1364 1787 1442 1825 Cn.
1474 1786 1557 1824 sati’

1417 1852 1554 1901 placet.

231 1920 299 1957 Lv.
332 1931 405 1967 ego
426 1918 490 1968 pol
512 1917 624 1955 istam
649 1917 723 1955 iam
745 1917 1040 1967 aliquouorsum
1063 1918 1250 1967 tragulam
1273 1916 1468 1955 deciderO.

230 1998 318 2022 nam
341 1983 370 2021 si
393 1983 447 2022 sic
469 1983 563 2021 nihil
586 1983 791 2033 impetrare
812 1991 959 2033 potero,
982 1983 1119 2020 saltem
1140 1981 1285 2021 sortiar.

171 2067 212 2088 20
231 2049 282 2087 ibi
305 2062 378 2098 ego
399 2056 435 2087 te
457 2057 493 2087 et
515 2049 784 2098 suffragatores
802 2056 890 2086 tuos
912 2047 1084 2086 ulciscar.
1145 2048 1222 2087 Cu.
1254 2054 1426 2085 attamen

232 2114 325 2152 mihi
343 2113 518 2164 optinget
536 2127 628 2151 sors,
682 2115 749 2150 Lv.
775 2121 814 2151 ut
832 2112 992 2162 quidem
1016 2113 1081 2162 pol
1098 2125 1232 2163 pereas
1249 2111 1420 2150 cruciatu
1439 2113 1553 2151 malo.
1576 2123 1645 2157 300

273 2217 329 2247 281
361 2217 603 2256 porrectiorcm
622 2216 764 2246 frontem
784 2216 847 2255 (-te
866 2215 912 2255 E)
929 2215 995 2246 cod.
1186 2215 1250 2254 283
1277 2215 1416 2254 probum
1435 2221 1467 2245 et
1486 2214 1504 2245 f.
1525 2215 1555 2244 h.

228 2259 381 2301 Sqiffert:
435 2269 494 2300 pro
525 2260 614 2290 bone
648 2259 731 2297 frugi
768 2260 798 2289 li.
835 2259 898 2290 cod.
931 2261 1009 2299 (pro
1037 2268 1098 2299 pro
1123 2259 1232 2289 bonae
1266 2259 1350 2297 frugi
1384 2259 1555 2296 homine-³)

229 2307 290 2342 287
317 2314 368 2334 me
393 2305 480 2334 scire
508 2303 660 2333 Merula:
694 2303 836 2332 miscere
861 2302 926 2332 cod.
1043 2302 1179 2342 eloquar
1209 2300 1353 2341 Mueller,
1372 2302 1452 2340 sort.
1484 2305 1559 2333 recte

229 2359 294 2387 290
318 2353 350 2377 tu
371 2357 459 2377 nunc
477 2346 629 2387 Kaemps
709 2346 756 2376 vel
772 2347 827 2376 ted
