1727 2702
107 101 187 139 1.1i
583 103 628 139 T.
663 101 843 141 MACCI
877 99 1079 138 PLAV'I'I

98 227 140 259 45
162 213 215 251 nil
239 227 367 251 moror
387 213 601 263 discipulos
624 213 675 251 mi
697 214 769 252 ess’
790 212 866 250 iam
889 213 1028 262 plenos
1048 209 1272 262 sanguinis:

162 280 297 317 ualens
317 279 491 317 adflictat
513 292 575 316 me
597 278 779 316 uaciuom
801 277 954 316 uirium.

164 346 222 382 P1.
256 345 357 391 fiam,
380 352 421 382 ut
442 357 515 394 ego
536 343 686 394 opinor,
713 344 917 389 Hercules,
941 349 981 380 tu
1003 349 1133 380 autem
1157 341 1290 380 Linus.
1520 349 1582 386 ¹55

164 411 233 447 Lx:
267 411 331 459 pol
354 416 487 447 metuo
509 408 622 459 magi'
643 422 692 447 ne
716 407 892 447 Phoenix
913 407 988 446 tuis
1009 406 1121 446 factis
1142 408 1247 445 fuam

163 483 280 524 teque
301 475 351 513 ad
372 482 523 524 patrem
545 487 630 513 esse
652 481 849 512 mortuom
872 472 1104 512 renuntiem.

103 555 143 586 50
164 541 221 577 Pr.
255 539 346 577 satis
368 538 664 577 historiarumst.
726 540 795 577 Lv.
828 538 891 576 hic
914 536 1036 576 uereri
1059 536 1239 587 perdidit.

162 603 444 654 compendium
466 605 608 653 edepol
631 605 737 643 haud
757 603 873 642 aetati
896 602 1070 653 optabile

163 669 286 708 fecisti
308 683 428 719 quom
451 669 576 707 istanc
598 671 746 707 nactu’s
769 667 1052 718 inpudentiam.
1522 671 1586 704 160

163 734 316 774 occisus
338 734 401 772 hic
422 735 544 772 homo
565 742 633 772 est.
693 733 836 784 ecquid
858 733 897 770 in
919 740 1092 771 mentem
1115 740 1172 771 est
1194 731 1262 770 tibi

164 808 313 852 patrem
336 800 405 838 tibi
425 801 540 838 esse?
598 801 655 838 1³1.
689 799 758 838 tibi
780 813 853 849 ego
873 812 922 837 an
945 806 985 836 tu
1008 797 1103 836 mihi
1125 811 1258 836 seruos
1279 798 1350 836 es?

105 879 144 912 55
166 869 235 906 Lv.
268 866 376 916 peior
397 865 579 916 magister
600 874 637 904 te
659 865 778 904 istaec
798 864 945 911 docuit,
969 878 1048 902 non
1070 877 1152 914 ego.

165 932 288 971 nimio
309 945 350 971 es
371 939 412 970 tu
432 933 483 970 ad
504 931 596 970 istas
618 945 677 969 res
699 930 914 980 discipulus
937 929 1102 968 docilior

165 1011 283 1048 quam
305 998 356 1036 ad
377 996 442 1035 illa
461 1010 562 1047 quae
584 1004 621 1035 te
642 995 772 1042 docui,
795 994 862 1033 ubi
883 1008 1042 1044 operam
1065 992 1228 1044 perdidi.
1523 992 1584 1036 165

167 1064 309 1113 edepol
330 1061 455 1101 fecisti
476 1063 621 1100 furtum
643 1061 682 1099 in
703 1067 872 1099 aetatem
894 1061 1040 1098 malum

168 1142 289 1178 quom
311 1127 431 1166 istaec
452 1126 597 1178 flagitia
618 1140 680 1165 me
701 1124 877 1165 celauisti
899 1132 936 1164 et
957 1132 1119 1175 patrem.

106 1198 148 1230 60
171 1196 228 1232 P1.
260 1193 462 1231 istactenu’
485 1192 566 1239 tibi,
591 1193 711 1241 Lyde,
735 1190 892 1230 libertas
913 1190 1041 1229 datast

169 1257 367 1299 orationis.
399 1257 491 1296 satis
512 1264 581 1297 est.
614 1269 778 1307 sequere
798 1256 872 1294 hac
893 1268 957 1294 me
976 1268 1022 1294 ac
1043 1262 1197 1294 tace.-

670 1493 904 1542 ACTVS
959 1494 1006 1541 II

63 1614 152 1651 II.i
670 1612 1005 1651 CHRvsivas

174 1713 251 1751 CH.
287 1710 400 1749 Erilis
422 1710 556 1760 patria,
579 1711 697 1756 salue,
720 1722 839 1759 quam
861 1722 934 1758 ego
956 1708 1127 1755 biennio,
1528 1721 1595 1756 170

174 1784 384 1828 postquam
406 1775 497 1813 hinc
519 1775 557 1813 in
580 1776 782 1825 Ephesum
803 1773 921 1820 abiui,
944 1773 1148 1824 conspicio
1168 1773 1318 1813 lubens.

175 1844 302 1881 saluto
323 1849 371 1888 te,
395 1839 524 1879 uicine
546 1840 702 1890 Apollo,
726 1838 792 1889 qui
814 1838 980 1877 aedibus

176 1907 419 1959 propinquos
442 1904 581 1944 nostris
602 1904 758 1953 accolis,
782 1918 1009 1955 ueneroque
1030 1913 1067 1944 te

138 1990 155 2021 5
177 1988 226 2012 ne
248 1973 490 2011 Nicobulum
514 1984 576 2009 me
597 1969 701 2008 sinas
722 1978 899 2009 nostrum
922 1985 1056 2010 senem

178 2038 273 2089 priu'
295 2036 507 2076 conuenire
528 2049 646 2086 quam
670 2037 846 2076 sodalem
870 2037 1034 2077 uiderim
1531 2048 1593 2084 175

180 2102 417 2142 Mnesilochi
442 2102 712 2150 Pistoclerum,
732 2102 849 2153 quem
871 2105 921 2142 ad
943 2102 1149 2154 epistulam

183 2169 453 2208 Mnesilochus
475 2168 577 2207 misit
598 2182 714 2219 super
733 2169 859 2207 amica
883 2168 1090 2207 Bacchide.

230 2284 288 2312 ¹53
315 2274 376 2305 iam
394 2274 451 2306 dcl.
476 2274 607 2313 Ritsclrl,
628 2274 680 2304 cui
694 2273 909 2313 ess'displice!
1046 2281 1104 2310 155
1129 2275 1200 2301 utet
1218 2271 1296 2310 (pro
1313 2270 1382 2300 utei
1395 2271 1420 2301 ²)
1438 2268 1511 2299 1³⁶¹>

183 2318 238 2348 vix
254 2319 298 2348 uti
316 2322 381 2357 ego
397 2319 500 2358 opino
607 2319 665 2348 162
690 2323 746 2348 aut
764 2322 797 2347 tu
819 2317 848 2346 13
957 2317 1014 2354 164
1040 2314 1194 2346 dociliter
1212 2313 1382 2344 Charisius
1399 2314 1472 2347 208.
1494 2322 1510 2351 7

189 2362 261 2399 166,
291 2363 349 2400 167
378 2365 451 2403 pos!
483 2363 552 2398 168,
586 2363 647 2401 169
672 2362 705 2391 in
735 2360 814 2398 cod„
840 2359 897 2390 scd
921 2359 955 2390 in
987 2369 1094 2399 marg.
1121 2357 1280 2398 archetypi
1301 2368 1371 2388 vero
1402 2356 1514 2388 ordine

183 2406 316 2446 ascripti
328 2409 406 2436 sunt
422 2406 469 2446 (ii.
484 2407 520 2446 6)
614 2406 674 2446 169
695 2405 755 2435 hac
775 2414 826 2434 mc
838 2403 956 2434 Bothe:
982 2413 1034 2433 me
1053 2403 1114 2433 hac
1131 2400 1194 2432 cod.
1290 2410 1344 2439 171
1365 2400 1429 2430 abii
1447 2398 1511 2430 cod.
