1727 2702
149 103 226 141 111.

192 422 231 444 20

200 521 231 558 ii

198 1201 234 1223 10

197 1525 236 1557 15

198 1854 238 1876 20

249 103 264 139 i
673 102 721 141 T.
754 102 934 141 MACCI
967 103 1171 141 PLAVTI

253 212 321 252 ibo
338 229 345 252 ε
375 212 592 252 etiamnum
614 212 865 263 reliquiarum
887 225 976 263 spes
995 212 1173 251 animum
1193 213 1366 252 oblectat
1386 225 1530 252 meum.

253 279 323 317 sed
344 278 439 328 quid
460 291 534 328 ego
555 277 703 316 uideo?
760 279 1050 316 Menaechmus
1069 291 1159 316 cum
1181 290 1328 316 corona
1347 277 1423 316 exit
1443 279 1557 316 foras.

253 343 451 381 sublatum
473 350 532 381 est
552 342 794 390 conuiuium,
817 344 961 392 edepol
982 342 1101 381 uenio
1119 343 1333 381 aduorsum
1354 342 1528 392 temperi.

251 408 475 460 opseruabo
495 406 591 458 quid
611 414 701 457 agat
721 407 936 446 hominem.
995 415 1084 458 post
1104 407 1225 446 adibo
1244 414 1362 458 atque
1381 408 1583 457 adloquar.
1602 410 1649 455 46

475 519 876 556 MENAECHMVS
921 518 973 556 II
1088 519 1408 555 PENrcx'LVS

253 601 372 639 ΜΕΝ.
404 598 544 638 Potine
564 606 607 637 ut
628 598 838 649 quiescas?
868 612 942 650 ego
962 599 1032 638 tibi
1054 600 1157 637 hanc
1178 598 1297 637 hodie
1317 597 1441 648 probe

251 664 462 716 lepideque
482 663 760 703 concinnatam
781 665 945 703 referam
967 663 1143 714 temperi.

253 744 334 769 non
355 731 443 768 faxo
463 743 550 768 eam
571 743 656 768 esse
677 729 785 768 dices
802 745 809 767 ι
839 729 892 768 ita
913 728 1165 779 ignorabitur.

255 797 323 833 PE.
355 796 499 845 pallam
519 795 571 833 ad
591 793 850 845 phrygionem
872 795 943 832 fert
965 795 1147 833 confecto
1168 793 1334 844 prandio

253 860 428 910 uinoque
447 867 602 909 expoto,
625 859 795 910 parasito
815 861 975 898 excluso
995 860 1109 898 foras.
1603 869 1673 906 470

252 939 333 964 non
354 926 484 964 hercle
505 924 536 963 is
556 938 644 963 sum
665 924 732 975 qui
753 938 853 972 sum,
876 924 916 962 ni
944 924 948 976 Ι
973 925 1075 963 hanc
1095 924 1276 963 iniuriam
1665 915 1670 923 ⁴

253 1004 396 1041 meque
416 992 520 1029 ultus
540 991 702 1041 pulchre
723 991 846 1029 fuero.
902 1003 1070 1040 opserua
1089 989 1185 1040 quid
1205 990 1324 1028 dabo.

255 1058 371 1095 ΜΕΝ.
403 1069 474 1107 pro
494 1055 534 1094 di
556 1055 806 1094 inmortales!
837 1056 931 1105 quoi
951 1054 1103 1093 homini
1124 1067 1313 1105 umquam
1334 1067 1416 1093 uno
1435 1053 1501 1093 die
1603 1066 1647 1102 47
1687 1054 1690 1059 “

255 1122 350 1161 boni
372 1121 536 1161 dedistis
556 1122 644 1172 plus
664 1120 731 1171 qui
753 1120 875 1159 minu'
895 1120 1138 1171 sperauerit?
1604 1112 1673 1170 475³

254 1187 405 1238 prandi,
428 1187 574 1237 potaui‚
597 1194 769 1225 scortum
790 1185 970 1233 accubui,
992 1185 1134 1236 apstuli

255 1254 368 1300 hanc,
391 1251 548 1302 quoiius
568 1253 680 1291 heres
702 1265 919 1302 numquam
941 1251 1011 1290 erit
1032 1259 1120 1302 post
1140 1252 1246 1289 hunc
1267 1251 1385 1290 diem.

256 1319 324 1356 PE.
357 1330 514 1367 nequeo
535 1330 635 1367 quae
656 1316 829 1366 loquitur
849 1316 1032 1355 exaudire
1052 1317 1275 1354 clanculum
1292 1330 1302 1363 ;

256 1390 362 1421 satur
382 1395 487 1420 nunc
508 1381 681 1432 loquitur
701 1383 751 1420 de
772 1395 836 1420 me
856 1389 894 1420 et
915 1382 965 1420 de
985 1381 1083 1431 parti
1105 1382 1221 1419 mea?

259 1450 373 1487 ΜΕΝ.
405 1447 459 1486 ait
479 1448 582 1485 hanc
602 1446 759 1486 dedisse
780 1460 844 1485 me
864 1446 937 1485 sibi
958 1454 1076 1496 atque
1097 1460 1182 1485 eam
1206 1459 1317 1484 meae
1607 1445 1680 1489 480

258 1512 366 1552 uxori
387 1511 642 1562 surrupuisse.
701 1511 890 1562 quoniam
911 1511 1038 1550 sentio

256 1592 395 1626 errare,
415 1579 624 1627 extemplo,
648 1576 759 1627 quasi
781 1590 839 1615 res
861 1590 952 1615 cum
973 1590 1019 1615 ea
1039 1583 1140 1615 esset
1162 1576 1269 1623 mihi,

256 1643 368 1694 coepi
389 1641 609 1682 adsentari:
640 1641 778 1680 mulier
798 1641 993 1692 quidquid
1014 1641 1172 1689 dixerat,

255 1709 361 1748 idem
383 1722 456 1758 ego
476 1707 670 1746 dicebam.
728 1707 826 1757 quid
848 1706 978 1745 multis
999 1706 1128 1745 uerbis
1147 1705 1328 1759 <opust)?

258 1773 408 1812 minore
429 1786 623 1822 nusquam
647 1773 748 1810 bene
768 1772 822 1810 fui
844 1772 1065 1823 dispendio.
1605 1777 1672 1825 485

258 1841 326 1876 PE.
359 1837 479 1876 ad³bo
499 1838 549 1876 ad
571 1838 786 1885 hominem,
810 1851 901 1875 nam
921 1837 1077 1875 turbare
1096 1837 1231 1887 gestio.

259 1905 372 1942 ΜΕΝ.
396 1916 484 1953 quis
505 1902 568 1941 hic
589 1909 647 1941 est
667 1901 733 1952 qui
753 1903 946 1940 aduorsus
968 1901 994 1940 it
1016 1901 1142 1940 mihi?
1181 1904 1250 1940 PE.
1271 1901 1366 1952 quid
1382 1901 1449 1949 ais,
1468 1904 1589 1941 homo

299 2009 364 2046 462
389 2007 589 2046 reliquarum
610 2007 640 2035 Α
722 2017 774 2037 me
793 2006 825 2036 P
911 2008 1040 2046 463-70
1049 2007 1233 2048 posteriores
1241 2010 1350 2046 partes
1356 2007 1426 2046 scre
1437 2007 1593 2047 leguntur

257 2052 289 2082 A
364 2052 427 2090 463
447 2050 538 2082 Men.
561 2050 653 2090 cum]
678 2051 914 2081 menechmum
936 2050 968 2080 P
1067 2052 1131 2090 465
1153 2053 1227 2091 post
1247 2061 1275 2081 v.
1301 2060 1406 2090 473-4
1430 2049 1463 2080 P
1481 2050 1529 2089 (ii.
1552 2052 1588 2082 65

257 2096 323 2134 466
347 2099 383 2125 ut
400 2094 497 2126 Ital*
524 2099 605 2124 neut
622 2093 661 2133 P,
682 2093 715 2123 A
732 2105 763 2125 n.
784 2094 803 2125 Ι.
929 2094 1012 2134 ego]
1029 2095 1131 2126 sedeo
1149 2093 1182 2124 P
1288 2103 1348 2133 471
1369 2094 1428 2124 vix
1450 2094 1588 2124 hercule

257 2137 390 2181 (ego)'
383 2148 412 2168 1s
428 2137 617 2169 R1tscl1l(A
639 2149 668 2168 n.
687 2137 812 2177 l.)fo›!.
833 2142 909 2169 recte
973 2138 1024 2169 vel
1041 2139 1103 2169 nisi
1229 2147 1292 2176 472
1316 2136 1429 2167 uultus
1446 2136 1480 2167 P
1494 2138 1586 2176 (corta

258 2182 322 2221 ΒΨ)
405 2191 469 2221 475
487 2186 564 2222 pos!
579 2182 644 2220 476
659 2179 693 2210 P
708 2181 759 2221 (cf
777 2180 824 2211 ad
837 2192 865 2212 v.
882 2180 962 2223 465)
1044 2191 1105 2222 477
1132 2180 1247 2222 heres]
1265 2181 1391 2212 reseres
1408 2181 1440 2210 A
1525 2192 1590 2221 479

258 2240 325 2260 om.
343 2229 375 2258 A
398 2230 539 2269 (propter
551 2228 735 2259 ltomoeotel.
756 2228 804 2259 iii.
826 2229 878 2268 11)
969 2229 1034 2267 480
1055 2227 1152 2270 (me)
1169 2238 1264 2258 meae
1281 2228 1394 2264 Bothe,
1413 2239 1462 2258 cut
1479 2228 1588 2258 hiatus

258 2274 292 2303 in
309 2278 417 2313 pausa
444 2272 584 2312 displicet
715 2272 843 2311 483-97
864 2276 972 2312 pauca
997 2273 1030 2302 in
1055 2272 1155 2302 i'mtit's
1181 2272 1336 2311 lrgunmr
1356 2271 1388 2302 A
1524 2272 1586 2312 484

260 2321 360 2356 opust
377 2315 452 2347 add.
471 2315 610 2356 Pylades
627 2314 674 2355 (A
693 2325 728 2345 n.
746 2315 785 2354 I.)
941 2316 1003 2357 487
1029 2315 1192 2346 aduersus
1216 2316 1241 2346 it
1268 2316 1435 2353 Gruterus,
1462 2315 1564 2346 Bothe
1578 2326 1587 2343 ι

260 2361 437 2391 aduersum
455 2360 498 2390 sit
517 2358 556 2398 P,
575 2359 607 2388 A
628 2370 660 2390 n.
676 2358 696 2389 Ι.
