1727 2712
638 102 957 145 MERCATOR
1429 101 1460 142 Ῑ.
1482 100 1512 141 ii

47 221 113 267 185
135 216 207 254 Ac.
240 214 318 266 qui,
360 217 522 264 malum,
555 229 628 266 ego
666 230 791 268 nugor
828 215 860 255 si
899 215 970 255 tibi
1009 218 1117 267 quod
1157 231 1219 256 me
1259 230 1371 267 rogas
1409 229 1464 254 re-
1484 230 1523 264 75

1253 281 1433 332 spondeo
1446 282 1464 318 ?

134 346 212 386 CH.
244 354 377 385 certen
401 347 530 386 uidit?
595 349 669 386 Ac.
700 348 781 387 tam
807 349 938 387 hercle
961 355 1066 386 certe
1093 348 1213 397 quam
1235 359 1308 396 ego
1331 347 1369 385 te
1395 352 1463 383 aut

1189 422 1231 452 tu
1251 427 1315 452 me
1335 412 1460 452 uides.

135 478 212 518 CH.
236 478 305 518 ubi
325 493 412 518 eam
430 480 559 519 uidit?
614 482 686 519 Ac.
708 480 814 519 intus
830 480 931 519 intra
946 479 1092 527 nauim,
1111 482 1154 518 ut
1170 492 1293 530 prope
1313 477 1436 517 astitit
1452 492 1464 526 3

133 551 171 582 et
192 557 283 583 cum
304 558 350 583 ea
370 545 672 584 confabulatust.
732 547 808 586 CH.
840 544 1047 597 perdidisti
1068 558 1142 592 me,
1166 551 1286 595 pater.

133 610 209 648 eho
230 617 283 657 tu,
306 611 384 648 eho
403 618 455 657 tu,
479 610 575 660 quin
596 610 734 649 cauisti
754 624 804 649 ne
823 624 911 650 eam
932 611 1095 658 uideret,
1118 610 1314 649 uerbero?

49 692 116 727 190
133 674 240 724 quin,
263 676 437 722 sceleste,
467 674 470 727 Ι
497 676 765 726 apstrudebas‚
788 676 837 715 ne
858 689 946 715 eam
966 674 1216 726 conspiceret
1236 674 1376 724 pater?
1480 681 1523 713 80

132 741 205 778 Ac.
237 739 330 790 quia
350 740 543 791 negotiosi
564 755 718 779 eramus
737 754 810 780 nos
831 740 972 780 nostris
993 740 1161 791 negotiis
1182 755 1189 778 :

131 805 383 845 armamentis
403 806 699 857 complicandis,
722 806 1011 858 componendis
1032 805 1266 845 studuimus.

131 872 227 909 dum
248 871 346 910 haec
366 879 542 922 aguntur,
566 871 699 910 lembo
718 871 928 910 aduehitur
948 872 1026 910 tuo'
1047 878 1157 922 pater
1175 869 1401 921 pauxillulo,

131 949 261 986 neque
293 936 503 986 quisquam
536 936 738 975 hominem
773 936 1051 988 conspicatust,
1085 937 1214 976 donec
1249 935 1289 974 in
1324 933 1459 973 nauim

1340 998 1456 1038 subit.

47 1079 109 1115 195
131 1067 208 1106 CH.
241 1066 495 1117 nequiquam,
519 1080 634 1114 mare,
661 1066 875 1118 supterfugi
896 1066 919 1105 a
939 1066 1015 1105 tuis
1036 1064 1363 1117 tempestatibus:
1477 1071 1517 1112 85

129 1130 314 1182 equidem
336 1146 399 1170 me
420 1132 497 1169 iam
518 1132 730 1170 censebam
751 1145 837 1171 esse
856 1131 896 1170 in
918 1139 1019 1170 terra
1036 1139 1156 1182 atque
1174 1129 1214 1168 in
1236 1137 1321 1168 tuto
1342 1130 1444 1176 loco,

128 1210 266 1234 uerum
286 1196 405 1235 uideo
426 1197 518 1235 med
538 1197 589 1235 ad
609 1210 699 1234 saxa
719 1196 806 1235 ferri
826 1196 953 1235 saeuis
974 1195 1168 1235 fluctibus.

128 1263 288 1312 loquere
309 1275 424 1312 porro
445 1261 541 1311 quid
563 1261 611 1299 sit
634 1269 778 1300 actum.
837 1263 911 1300 Ac.
940 1269 1151 1312 postquam
1170 1258 1323 1310 aspexit
1343 1257 1457 1297 muli-

1336 1337 1456 1372 erem,

22 1383 110 1457 Ἓξ
127 1392 292 1444 rogitare
308 1392 462 1443 occepit
477 1391 596 1442 quoia
612 1400 724 1431 esset.
771 1392 850 1432 Cn.
871 1390 969 1442 quid
984 1389 1220 1441 respondit?
1267 1391 1339 1428 Ac.
1363 1388 1456 1428 ilico

126 1457 328 1497 occucurri
349 1465 468 1508 atque
489 1457 694 1508 interpello
715 1456 827 1496 matri
848 1464 887 1496 te
905 1455 1089 1495 ancillam
1110 1463 1201 1494 tuae
1470 1469 1515 1503 90

125 1523 267 1563 emisse
296 1523 412 1562 illam.
472 1524 549 1563 CH.
582 1522 697 1561 uisun
728 1530 786 1561 est
817 1521 888 1561 tibi
919 1523 1078 1561 credere
1104 1520 1174 1560 id?
1229 1522 1302 1559 Ac.
1334 1518 1454 1558 etiam

1312 1597 1424 1636 rogas
1437 1586 1455 1623 ?

126 1655 197 1693 sed
217 1655 404 1693 scelestus
425 1653 634 1704 subigitare
655 1652 820 1704 occepit.
879 1653 959 1693 CH.
990 1651 1161 1699 illamne,
1184 1652 1379 1702 opsecro?

125 1722 198 1759 Ac.
232 1719 373 1758 mirum
398 1718 493 1770 quin
520 1732 584 1757 me
608 1718 844 1768 subigitaret.
905 1719 983 1758 CH.
1015 1718 1158 1768 edepol
1178 1729 1245 1755 cor
1266 1715 1453 1754 miserum

1305 1794 1450 1828 meum,

39 1862 104 1900 205
125 1852 233 1901 quod
253 1850 434 1902 guttatim
456 1849 700 1889 contabescit
719 1849 831 1900 quasi
850 1848 890 1887 in
906 1862 1050 1899 aquam
1071 1846 1260 1886 indideris
1281 1847 1412 1885 salem.

124 1917 221 1968 perii
240 1921 246 1955 1
303 1920 374 1955 Ac.
407 1929 469 1954 ern
490 1915 590 1954 istuc
614 1928 737 1953 unum
757 1915 923 1953 uerbum
944 1913 1074 1953 dixisti
1095 1911 1367 1952 uerissumum.
1469 1928 1512 1963 95

124 1982 286 2022 stultitia
300 1982 419 2020 istaec
435 1989 503 2020 est.
544 1982 624 2020 CH.
646 1980 742 2030 quid
757 1979 928 2018 faciam?
947 1980 1078 2026 credo,
1095 1992 1177 2017 non
1190 1978 1323 2017 credet
1342 1984 1452 2028 pater

171 2088 232 2118 186
246 2086 297 2118 vel
310 2087 367 2117 ted
461 2085 520 2123 187
544 2084 594 2115 vel
607 2083 655 2114 uti
723 2093 824 2123 prore
839 2083 965 2114 asstitit
981 2083 1054 2114 ΡΟ)
1148 2083 1208 2121 189
1224 2080 1320 2121 quin]
1340 2080 1403 2111 hoc
1419 2080 1453 2111 Β

128 2143 190 2172 190
212 2131 314 2162 abstr.
331 2129 411 2160 scel.
426 2129 576 2159 Guietus:
596 2126 675 2158 scel.
689 2125 920 2169 <eam)abstr.
933 2126 1065 2166 Bentley
1137 2135 1197 2164 192
1212 2125 1277 2166 [et]
1293 2133 1447 2163 compon-

124 2175 189 2206 cod.
208 2186 214 2205 :
239 2179 272 2205 et
289 2173 348 2204 del.
364 2172 573 2203 Camerarius
589 2170 638 2210 (cf.
655 2169 790 2201 adAul.
806 2171 885 2209 784)
1008 2180 1067 2209 194
1093 2169 1204 2199 nauim
1221 2168 1310 2198 subit
1326 2168 1453 2199 amicus

124 2218 286 2249 Aa'dalii:
312 2217 387 2247 naui
402 2225 505 2255 super
520 2214 583 2245 cod.
722 2222 782 2253 195
806 2224 826 2243 a
843 2214 909 2244 tuis
926 2212 1047 2244 Vahlen
1065 2225 1071 2244 z
1095 2213 1212 2243 subter
1229 2212 1321 2253 (corr.
1336 2211 1370 2250 a)
1384 2211 1452 2242 tuis

125 2266 161 2292 ut
176 2261 238 2293 vid.
257 2260 322 2291 cod.
346 2260 476 2300 (subter
491 2258 578 2289 atuis
594 2256 633 2295 B,
652 2258 766 2288 saeuis
781 2257 869 2295 PCD)
889 2258 934 2298 (v.
949 2258 985 2297 3)
1123 2266 1193 2295 199,
1213 2266 1279 2287 200
1302 2255 1375 2286 cuia
1401 2264 1450 2286 es.

123 2304 380 2337 Ritterslmsius:
418 2303 470 2333 cui
488 2312 533 2332 es.
556 2303 632 2341 (pro
648 2302 733 2340 aes-)
754 2304 792 2330 ut
805 2301 866 2331 vid.
886 2301 950 2332 cod.
972 2300 1081 2341 (cuius
1098 2310 1145 2330 es.
1164 2297 1254 2338 pcD)
1387 2308 1452 2330 202

124 2350 263 2380 uisusne
287 2354 338 2378 est
362 2347 482 2377 Bothe:
517 2345 630 2375 uisunt
657 2345 779 2383 (uisum
804 2343 892 2385 PcD)
917 2344 983 2375 cod.
1007 2348 1082 2384 (pro
1106 2343 1207 2373 uisun
1231 2348 1261 2382 ἔ,
1281 2342 1300 2373 i.
1313 2352 1336 2374 e.
1362 2346 1413 2373 est
1425 2343 1450 2381 ἓ)

123 2403 187 2432 205
204 2403 291 2432 aqua
308 2391 439 2421 Nonius
457 2398 525 2428 115,
545 2398 608 2426 223
698 2397 761 2427 207
779 2388 870 2419 stult.
889 2388 993 2420 istaec
1010 2392 1063 2419 est
1083 2386 1228 2418 Charino
1241 2385 1300 2418 dat
1311 2385 1452 2426 Pylades
