1727 2702
148 110 215 148 IV.
237 109 266 147 ii
656 110 704 149 T.
735 109 915 151 MACCI
948 110 1151 149 PLAVTI

238 224 294 260 Ρ1.
327 222 424 272 quid
443 222 500 260 ais
521 224 592 260 tu?
649 224 718 260 ΡΑ.
750 235 824 273 ego
843 221 943 261 istuc
963 221 1017 260 illi
1036 221 1178 262 dicam.
1239 224 1296 261 Ρ1.
1328 222 1393 262 dic
1413 221 1522 269 mihi,
1583 225 1653 260 600

236 286 323 337 quis
344 296 385 325 tu
406 289 477 325 es?
534 289 603 324 ΡΑ.
637 286 738 325 illius
758 300 845 326 sum
867 287 1181 338 integumentum
1202 287 1387 338 corporis.

178 370 218 392 20
238 354 294 390 Ρ1.
337 365 507 402 nequam
547 365 633 391 esse
678 361 834 402 oportet
878 353 941 392 cui
994 360 1035 392 tu
1093 351 1407 404 integumentum
1439 352 1567 402 inpro-

1471 420 1565 458 bu's.

236 485 304 522 ΡΛ.
337 483 512 522 sufflatus
533 482 597 522 ille
617 483 696 521 huc
716 482 859 522 ueniet.
919 484 977 521 Pl.
1009 482 1272 533 dirrumptum
1293 482 1423 521 uelim.

236 550 304 587 ΡΑ.
337 547 531 598 numquid
553 547 642 586 uis?
699 549 756 586 Ρ1.
787 547 920 586 abeas.
977 547 1153 586 celeriter
1173 549 1314 586 factost
1333 561 1444 597 opus.

235 615 303 651 ΡΛ.
337 614 434 660 uale,
458 611 919 663 dentifrangibule.—P1.
952 619 990 650 et
1012 619 1063 658 tu,
1087 611 1414 662 integumentum,
1436 613 1534 651 uale.
1582 616 1649 660 605

234 678 274 717 in
295 692 385 717 eum
409 675 548 730 [nunc]
570 678 669 716 haec
688 677 840 716 reuenit
861 691 920 716 res
941 678 1085 724 locum,
1108 685 1150 715 ut
1169 676 1267 727 quid
1287 677 1425 717 consili

176 757 215 789 25
234 745 325 783 dem
349 756 438 782 meo
458 742 583 782 sodali
604 755 720 793 super
739 742 867 781 amica
894 742 1079 789 nesciam,

233 809 299 860 qui
322 809 440 848 iratus
460 808 724 848 renumerauit
744 822 864 848 omne
884 821 1022 847 aurum
1045 807 1157 859 patri,

231 888 361 926 neque
382 887 568 913 nummus
588 875 707 913 ullust
727 873 795 924 qui
815 875 1002 913 reddatur
1022 872 1144 912 militi.

231 942 301 980 sed
322 942 400 979 huc
420 941 651 986 concedam,
674 953 766 977 nam
787 946 1102 989 concrepuerunt
1121 939 1234 978 fores.
1578 941 1649 976 610

234 1006 507 1046 Mnesilochus
528 1018 666 1044 eccum
688 1012 860 1043 maestus
880 1003 1125 1054 progreditur
1145 1005 1256 1042 foras.

169 1120 215 1157 iii
443 1118 856 1155 MNESiLocnvs
969 1117 1357 1155 P1SToc1⁴ERv13

235 1199 322 1236 MN.
358 1199 556 1246 Petulans,
576 1204 774 1248 proteruo,
795 1197 985 1235 iracundo
1009 1196 1156 1245 animo,
1183 1196 1391 1243 indomito,
1420 1197 1563 1247 incogi-

1467 1269 1562 1310 tato,

230 1328 314 1367 sine
336 1330 456 1368 modo
477 1336 515 1367 et
536 1327 730 1367 modestia
750 1341 849 1374 sum,
872 1326 955 1365 sine
977 1327 1085 1365 bono
1105 1325 1187 1365 iure
1206 1334 1325 1376 atque
1345 1327 1508 1374 honore,

230 1393 471 1433 incredibilis
492 1393 687 1444 inposque
706 1392 839 1439 animi,
863 1391 1095 1438 inamabilis,
1120 1390 1316 1441 inlepidus
1337 1391 1442 1438 uiuo,
1579 1397 1646 1441 615

230 1460 494 1498 maleuolcnte
515 1458 674 1508 ingenio
695 1465 820 1496 natuS.
873 1464 1073 1508 postremo
1094 1456 1134 1496 id
1148 1456 1243 1495 mihi
1258 1464 1316 1495 est
1336 1458 1444 1507 quod
1466 1458 1560 1496 uolo
1579 1461 1669 1505 615⁸

193 1547 212 1578 5
447 1537 520 1574 ego
540 1536 625 1562 esse
644 1522 739 1561 aliis.
799 1521 986 1561 credibile
1007 1523 1084 1560 hoc
1104 1523 1191 1561 est?

338 1588 503 1639 nequior
523 1595 679 1627 nemost
700 1600 829 1637 neque
850 1586 1048 1637 indignior
1067 1586 1161 1637 quoi
1579 1588 1669 1624 616·

337 1654 378 1694 di
400 1655 501 1693 bene
522 1653 665 1692 faciant
687 1665 816 1702 neque
837 1665 955 1702 quem
978 1652 1186 1703 quisquam

390 1720 512 1759 homo
535 1725 602 1757 aut
621 1724 726 1756 amet
746 1724 813 1755 aut
833 1718 959 1756 adeat.

283 1784 463 1823 inimicos
484 1796 603 1834 quam
624 1782 773 1821 amicos
794 1791 1002 1833 aequomst
1025 1784 1115 1823 med
1138 1783 1295 1829 habere,

174 1868 213 1892 10
284 1851 408 1888 malos
429 1862 547 1900 quam
569 1849 697 1887 bonos
717 1862 786 1899 par
808 1849 930 1898 magis
952 1863 1014 1887 me
1035 1849 1178 1887 iuuare.
1581 1847 1650 1884 620

390 1914 575 1954 omnibus
596 1913 759 1964 probris,
782 1928 883 1965 quae
903 1913 1078 1964 inprobis
1099 1913 1191 1952 uiris

281 1981 400 2031 digna
419 1988 521 2027 sunt,
544 1979 699 2029 dignior
720 1981 850 2018 nullus
871 1987 928 2018 cst
949 1980 1096 2026 h0m0;

335 2046 400 2097 qui
422 2045 519 2097 patri
541 2045 694 2084 reddidi
716 2059 834 2084 omne
855 2058 990 2083 aurum
1011 2057 1159 2090 amans,

281 2112 390 2162 quod
413 2110 482 2150 fuit
503 2123 594 2161 prae
616 2123 746 2148 manu.
808 2123 947 2148 sumne
968 2122 1041 2159 ego
1062 2110 1184 2148 homo
1205 2107 1350 2146 miser?

269 2222 334 2252 602
359 2221 410 2250 vui
429 2226 463 2251 tu
482 2220 501 2251 i.
522 2218 684 2258 inprobus
700 2227 738 2247 es
757 2215 832 2246 [³¹³⁶
848 2216 928 2251 (non
947 2214 1010 2250 ΡΛ,
1032 2218 1068 2244 u!
1083 2212 1184 2253 vr'd.):
1210 2213 1263 2244 cui
1282 2217 1347 2243 tam
1367 2213 1424 2244 int.
1446 2212 1557 2250 inpro-

225 2263 337 2295 bumst
353 2263 453 2294 Bothe
553 2263 617 2300 604
637 2271 726 2291 nunc
744 2260 822 2299 qnid
839 2258 903 2289 cod.
1011 2259 1077 2288 606
1103 2267 1190 2288 nunc
1208 2256 1265 2287 del.
1286 2255 1386 2286 Bolhr
1403 2255 1559 2295 (ncsalso

225 2318 281 2338 scr.
299 2313 360 2347 pro
378 2308 482 2338 baec?
501 2307 542 2337 iv.
560 2307 596 2345 gl
695 2306 760 2335 612
779 2308 962 2343 propteruo
977 2301 1041 2333 cod.
1140 2302 1204 2340 615
1223 2299 1410 2330 inamabilis
1422 2299 1560 2338 dr'splrre!

223 2353 288 2389 619
312 2352 470 2391 equiunst
487 2349 551 2380 cod.
574 2353 609 2379 u!
629 2347 692 2379 vid.
715 2348 786 2386 (iun
807 2351 866 2386 pro
883 2347 954 2385 um)
1024 2355 1076 2376 me
1095 2344 1162 2375 cod.
1251 2345 1317 2374 620
1341 2348 1426 2374 mest
1445 2342 1556 2372 Praes-

223 2394 316 2435 dotff
395 2396 460 2426 622
476 2403 596 2425 amens
607 2391 794 2423 saracenus
848 2400 965 2420 amens
976 2388 1102 2430 (mihi)
1116 2387 1203 2419 Leo:
1224 2397 1288 2418 am.
1303 2385 1447 2429 (modo)
1461 2385 1558 2416 Goeta
