1727 2702
186 105 232 142 V.
253 104 283 142 ii
675 106 721 143 T.
755 105 935 145 MACCI
967 105 1170 144 PLAVTI

309 231 446 257 uerum
469 226 526 256 est
548 218 683 256 modu'
704 225 848 264 tamen,
867 219 999 268 quoad
1021 217 1101 268 pati
1121 231 1281 256 uxorem
1301 224 1456 268 oportet
1474 231 1484 265 3

195 297 237 319 20
310 296 383 321 nec
404 284 469 332 pol
489 282 568 320 filia
588 295 778 332 uniquam
799 290 949 332 patrem
969 282 1132 321 accersit
1151 283 1203 321 ad
1222 296 1264 321 se
1601 293 1675 330 770¹
1724 279 1727 308 :

363 347 436 385 nisi
456 355 523 386 aut
543 346 640 397 quid
660 347 863 386 commissi
882 355 950 385 aut
970 347 1066 397 iurgi
1087 355 1145 386 est
1164 361 1313 386 caussa.
1667 347 1670 350 ⁴
1726 343 1727 348 ¹

307 413 377 451 sed
399 412 438 451 id
460 411 657 462 quidquid
677 419 736 450 est
756 411 833 450 iarn
855 411 989 450 sciam.
1048 420 1168 462 atque
1187 425 1322 450 eccam
1342 426 1502 463 eampse

251 485 344 517 ante
363 477 472 517 aedis
493 485 531 516 et
552 477 636 516 eius
657 477 807 515 tristem
829 477 958 515 uirum
985 477 1115 516 uideo.
1176 476 1216 516 id
1245 485 1303 516 est
1323 479 1433 527 quod
1462 477 1583 527 suspi-
1603 489 1721 529 773-4

1454 542 1580 580 caban

196 623 234 655 25
251 608 462 659 appellabo
496 609 609 646 hanc.
672 609 756 646 MA.
789 607 857 646 ibo
889 609 1115 646 aduorsum.
1175 609 1283 646 salue
1315 609 1492 654 multum,
1530 605 1583 644 mi
1603 600 1685 651 77ςῆ
1718 597 1724 671 ἶ

1463 679 1582 722 pater.

255 741 318 778 SE.
352 741 460 778 salua
480 738 542 778 sis.
603 740 740 777 saluen
760 738 964 778 aduenio?
993 740 1129 777 saluen
1149 738 1294 777 accersi
1315 738 1460 776 iubes?

253 804 351 855 quid¹
371 813 411 843 tu
433 804 552 843 tristis
572 806 646 843 es?
675 803 771 854 quid
793 803 857 842 ille
876 811 1010 842 autern
1030 817 1101 854 aps
1122 811 1160 842 te
1180 803 1300 842 iratus
1320 802 1500 842 destitit?

254 869 487 919 nescioquid
508 882 579 907 uos
601 868 750 907 uelitati
772 868 864 907 estis
885 868 985 907 inter
1005 882 1077 906 uos
1098 870 1210 908 duos.

254 936 425 984 loquere,
448 941 533 972 uter
554 933 750 972 meruistis
772 934 940 983 eulpam,
965 932 1112 983 paucis,
1135 947 1215 972 non
1236 935 1375 984 longos
1395 935 1516 984 logos.
1720 982 1721 986 Ἰ

192 1013 234 1043 30
255 1001 339 1038 ΜΑ.
371 1013 567 1050 nusquam
588 998 775 1049 equidem
802 998 1017 1049 quicquam
1044 998 1216 1049 deliqui:
1246 1000 1323 1038 hoc
1347 998 1515 1049 primum
1546 1005 1585 1036 te
1604 991 1682 1040 78οὲ
1714 990 1721 1038 Γ

1261 1066 1439 1114 apsoluo,
1463 1071 1581 1114 pater.
1714 1074 1715 1078 ¹

252 1142 389 1169 uerum
411 1129 545 1169 uiuere
566 1129 630 1168 hic
651 1143 731 1168 non
754 1143 916 1180 possum
938 1142 1069 1179 neque
1089 1130 1228 1168 durare
1249 1130 1330 1167 ullo
1350 1129 1483 1167 modo.

251 1194 364 1246 proin
386 1202 426 1233 tu
449 1209 511 1233 me
533 1194 625 1233 hinc
645 1195 832 1233 abducas.
885 1195 948 1232 SE.
971 1193 1068 1244 quid
1089 1193 1189 1232 istuc
1208 1202 1340 1232 autem
1361 1194 1449 1232 est?
1497 1195 1581 1231 ΜΑ.

1257 1259 1439 1306 ludibrio,
1461 1266 1580 1309 pater,

253 1326 410 1365 habeor.
471 1328 534 1365 SE.
565 1327 701 1365 unde?
758 1327 843 1364 ΜΛ.
864 1326 916 1364 ab
937 1324 1004 1364 illo
1023 1324 1118 1376 quoi
1139 1338 1203 1363 me
1223 1323 1474 1372 mandauisd,
1494 1337 1584 1362 meo

1487 1388 1585 1428 uiro.
1672 1388 1679 1413 ἲ

253 1458 316 1495 SE.
350 1470 442 1495 ecce
462 1464 594 1495 autem
616 1455 779 1506 litigium
798 1459 805 1494 2
863 1455 1047 1506 quotiens
1068 1457 1228 1495 tandem
1255 1457 1260 1507 l
1287 1455 1389 1495 edixi
1410 1454 1481 1494 tibi
1708 1440 1710 1451 ’

193 1537 232 1568 35
253 1529 296 1560 ut
315 1535 474 1560 caueres
497 1529 634 1560 neuter
653 1522 704 1560 ad
726 1535 790 1559 me
811 1520 916 1559 iretis
937 1534 1028 1559 curn
1049 1521 1325 1571 querimonia?
1604 1523 1668 1568 785

254 1588 338 1625 ΜΛ.
370 1588 438 1637 qui
471 1600 544 1638 ego
579 1587 688 1633 istuc,
726 1586 779 1624 mi
818 1594 939 1637 pater,
972 1600 1113 1625 cauere
1145 1588 1340 1637 possum?
1396 1588 1459 1626 SE.
1491 1599 1583 1624 men

1338 1657 1552 1707 interrogas
1567 1657 1584 1694 ?

254 1725 337 1762 MA.
370 1722 443 1761 nisi
479 1736 558 1761 non
591 1722 661 1761 uis.
721 1724 785 1762 SE.
831 1722 1016 1773 quotiens
1055 1722 1270 1762 monstraui
1309 1722 1379 1761 tibi
1419 1722 1503 1761 uiro
1541 1729 1583 1759 ut
1603 1724 1700 1768 787⁴

1290 1802 1438 1827 morem
1459 1800 1580 1838 geras,

252 1854 348 1904 quid
370 1854 433 1893 ille
455 1853 570 1892 faciat
593 1855 641 1893 ne
663 1853 702 1892 id
724 1867 924 1904 opserues‚
945 1855 1026 1905 qud
1047 1862 1120 1901 eat,
1143 1855 1241 1905 quid
1261 1867 1388 1892 rerum
1409 1860 1525 1903 gerat.

191 1934 231 1964 40
255 1921 336 1957 MA.
369 1926 408 1957 at
435 1918 540 1957 enim
569 1918 632 1957 ille
663 1918 755 1957 hinc
781 1926 888 1957 amat
910 1918 1154 1958 meretricem
1183 1932 1229 1958 ex
1253 1931 1455 1969 proxumo.
1515 1918 1579 1955 SE.
1602 1922 1671 1958 790

1369 1996 1463 2022 sane
1482 1981 1583 2033 sapit

251 2057 369 2100 atque
389 2050 442 2088 ob
464 2049 587 2088 istanc
610 2048 840 2087 industriam
863 2049 979 2087 etiam
1004 2051 1092 2088 faxo
1112 2049 1260 2088 amabit
1280 2048 1459 2099 amplius.

298 2154 359 2192 769
384 2164 450 2193 quo
468 2153 499 2184 id
518 2152 564 2182 B²
698 2163 755 2192 771
784 2154 839 2183 vix
854 2152 952 2192 iurigi
1044 2153 1177 2196 (iusta)
1201 2163 1301 2184 causa
1320 2152 1393 2185 Leo.
1415 2156 1452 2183 u!
1467 2153 1587 2193 integer

253 2200 379 2228 tetram.
392 2198 460 2236 fiat
592 2206 652 2235 772
678 2196 838 2235 quicquid
862 2197 894 2227 id
911 2195 976 2228 cod.
996 2208 1002 2227 z
1030 2198 1102 2228 [ναί.
1118 2197 1221 2227 Bothe
1353 2206 1427 2236 773,
1445 2205 1505 2236 774
1531 2195 1590 2226 alii

245 2241 378 2278 seiciunt
406 2241 509 2272 bacch.
537 2244 661 2271 tetram.
689 2244 768 2270 ante
785 2258 826 2263 -
845 2239 946 2270 uideo
973 2241 1093 2280 &immo
1117 2241 1226 2278 uideo,
1254 2241 1303 2281 id)
1328 2244 1357 2270 et
1378 2240 1478 2271 bacch.
1499 2238 1580 2270 dim.

255 2283 285 2314 id
306 2285 428 2324 (immo
445 2285 512 2324 est)
530 2302 572 2306 —
588 2283 783 2322 suspicabar
801 2282 865 2321 (vel
880 2283 977 2314 iamb.
999 2283 1077 2315 dim.
1097 2284 1191 2315 catal.
1212 2284 1244 2314 id
1265 2301 1302 2306 -
1319 2284 1430 2322 susp.)
1522 2291 1584 2322 775

253 2328 433 2358 aduorsum
452 2326 613 2367 Pylades:
639 2336 775 2357 uorsum
787 2326 851 2357 cod.
957 2329 1020 2366 778
1045 2327 1157 2358 ueliati
1169 2326 1235 2358 cod.
1304 2326 1353 2358 vel
1366 2327 1431 2357 duo
1521 2335 1585 2365 779

254 2371 351 2402 nauci
371 2369 436 2401 cod.
531 2370 623 2401 locos
639 2369 703 2400 cod.
841 2371 902 2409 784
925 2368 1035 2413 (ego)
1053 2371 1144 2401 edixi
1169 2370 1219 2402 vc!
1232 2369 1309 2413 (id)
1326 2370 1379 2402 ed.
1401 2368 1528 2400 Ritsclel
