1727 2712
725 109 954 148 CAPTIVI
1427 108 1505 147 ΙΙΙ.
1526 116 1559 144 v

172 216 305 256 iubete
324 217 416 256 huic
437 231 585 257 crassas
606 218 811 268 compedis
835 217 1065 268 impingier;

84 292 150 330 735
170 283 263 322 inde
284 290 390 322 extra
409 291 562 334 portam
582 285 632 322 ad
654 297 786 322 meum
807 282 989 321 libertum
1012 285 1227 323 Cordalum

169 348 209 386 in
230 348 461 398 lapicidinas
482 349 596 388 facite
616 350 811 388 deductus
831 348 903 387 siet
923 363 930 386 :

168 420 288 463 atque
307 415 414 452 hunc
434 428 498 453 me
519 416 620 453 uelle
641 414 759 453 dicite
780 413 833 452 ita
852 413 1020 452 curarier

169 492 219 518 ne
239 478 307 530 qui
327 479 498 518 deterius
519 480 611 518 huic
631 479 680 518 sit
699 492 819 530 quam
840 479 933 529 quoi
955 492 1139 529 pessume
1159 488 1228 518 est.
1525 487 1567 516 80

170 546 242 582 Tv.
275 557 348 595 qur
368 558 442 595 ego
462 553 500 584 te
521 545 646 584 inuito
668 559 730 584 me
751 558 836 583 esse
857 546 1009 583 saluom
1032 546 1260 595 postulem?

83 621 152 656 740
169 609 358 660 periclum
380 610 484 649 uitae
505 624 616 650 meae
637 618 705 649 tuo
725 618 800 648 stat
820 610 1006 659 periculo.

168 682 258 725 post
279 684 445 714 mortem
467 676 506 714 in
528 684 653 714 morte
673 675 769 714 nihil
791 683 849 714 est
869 676 977 726 quod
999 683 1174 714 metuam
1197 675 1297 713 mali.

168 739 241 779 etsi
260 741 426 792 peruiuo
445 755 570 792 usque
590 742 641 780 ad
661 754 856 780 summam
877 748 1062 789 aetatem,
1082 748 1215 779 tamen

168 806 289 845 breue
309 806 478 857 spatium
500 814 557 845 est
578 806 802 857 perferundi
822 819 924 856 quae
945 805 1102 844 minitas
1124 806 1230 844 mihi.
1524 807 1562 847 85

167 872 256 911 uale
275 880 395 922 atque
415 874 533 918 salue,
557 872 628 910 etsi
649 871 759 910 aliter
779 879 821 910 ut
842 871 971 910 dicam
994 884 1130 910 meres.

81 948 145 985 745
166 944 221 985 tu,
243 937 558 987 Aristophontes,
582 938 632 975 de
652 950 716 975 me
736 944 778 975 ut
800 936 985 982 meruisti,
1009 936 1062 974 ita
1082 937 1195 983 uale;

167 1015 258 1041 nam
280 1002 377 1040 mihi
397 1009 556 1053 propter
576 1010 613 1040 te
630 1003 706 1040 hoc
727 1001 876 1052 optigit.
938 1003 1019 1040 HE.
1051 1002 1248 1040 abducite.

166 1069 239 1106 Tv.
270 1075 310 1106 at
330 1081 453 1106 unum
475 1069 551 1106 hoc
571 1080 730 1118 quaeso,
753 1067 784 1105 si
805 1068 883 1106 huc
903 1067 1044 1106 rebitet
1066 1067 1317 1115 Philocrates,

166 1141 209 1171 ut
229 1133 325 1172 mihi
346 1133 429 1172 eius
450 1133 568 1171 facias
589 1132 859 1172 conueniundi
879 1132 1047 1183 copiam.
1524 1149 1566 1179 90

169 1199 250 1237 HE.
282 1198 459 1249 periistis,
482 1198 557 1237 nisi
577 1200 683 1237 hunc
703 1198 780 1237 iam
801 1212 823 1237 e
843 1205 1059 1249 conspectu
1079 1198 1286 1237 abducitis.

81 1271 151 1310 750
168 1265 242 1302 ΤΥ.
273 1264 333 1303 uis
354 1266 452 1303 haec
472 1264 635 1315 quidem
656 1265 786 1302 hercle
807 1272 875 1311 est,
899 1272 937 1303 et
958 1263 1057 1302 trahi
1079 1271 1116 1302 et
1137 1264 1240 1302 trudi
1262 1264 1444 1302 simul.-

170 1330 250 1368 HE.
283 1329 361 1368 illic
382 1338 440 1368 est
459 1331 656 1369 abductus
677 1337 781 1369 recta
801 1328 841 1368 in
862 1330 1080 1380 phylacam,
1105 1337 1147 1368 ut
1167 1329 1309 1380 dignus
1330 1337 1397 1368 est.

166 1408 240 1445 ego
261 1395 334 1434 illis
355 1395 521 1446 captiuis
541 1395 625 1434 aliis
646 1396 934 1434 documentum
958 1395 1076 1442 dabo,

166 1474 216 1498 ne
237 1462 313 1499 tale
333 1461 542 1512 quisquam
564 1460 715 1499 facinus
736 1460 909 1511 incipere
928 1461 1085 1499 audeat.
1523 1470 1564 1501 95

166 1527 274 1575 quod
294 1539 444 1577 apsque
465 1527 541 1565 hoc
562 1534 675 1572 esset,
699 1525 766 1576 qui
788 1525 885 1563 mihi
906 1526 983 1564 hoc
1004 1525 1094 1564 fecit
1115 1527 1256 1576 palam,

79 1601 143 1639 755
165 1604 290 1641 usque
310 1592 544 1631 offrenatum
565 1591 645 1630 suis
666 1605 730 1630 me
750 1591 958 1630 ductarent
978 1590 1090 1629 dolis.

165 1669 271 1694 nunc
290 1664 440 1695 certum
462 1665 520 1696 est
541 1657 638 1695 nulli
659 1657 824 1707 posthac
846 1656 1058 1706 quicquam
1081 1657 1248 1695 credere.

164 1721 257 1760 satis
277 1735 364 1760 sum
385 1724 507 1761 semel
528 1724 728 1773 deceptus.
790 1721 944 1772 speraui
966 1721 1083 1760 miser

164 1800 211 1824 ex
231 1787 417 1826 seruitute
438 1801 502 1826 me
522 1787 713 1827 exemisse
733 1787 857 1826 filium
874 1802 882 1826 ε
1524 1800 1585 1823 100

163 1866 209 1891 ea
230 1866 318 1903 spes
339 1854 470 1904 elapsa
491 1862 559 1892 est.
618 1853 773 1904 perdidi
794 1867 916 1892 unum
945 1853 1080 1901 filium,

75 1919 144 1961 760
163 1930 328 1967 puerum
349 1918 600 1968 quadrimum
622 1931 741 1968 quem
762 1918 858 1957 mihi
879 1932 1014 1957 seruos
1035 1918 1196 1969 surpuit,

162 1996 291 2032 neque
311 1996 401 2021 eum
424 1996 579 2021 seruom
601 1996 790 2032 umquam
811 1983 962 2034 repperi
984 1997 1113 2034 neque
1135 1984 1257 2022 filium
1274 1999 1283 2031 ;

161 2048 285 2086 maior
303 2049 451 2098 potitus
472 2048 645 2087 hostium
667 2056 735 2086 est.
795 2050 903 2099 quod
924 2050 1001 2087 hoc
1022 2058 1080 2087 est
1101 2051 1257 2087 scelus?

162 2113 272 2163 quasi
293 2113 333 2152 in
353 2114 564 2153 orbitatem
585 2114 728 2152 liberos
749 2115 1011 2164 produxerim.
1520 2133 1579 2166 105

162 2192 325 2228 sequere
345 2180 430 2217 hac.
489 2180 702 2218 redducam
725 2186 762 2217 te
783 2179 850 2217 ubi
872 2179 987 2217 fuisti.
1047 2180 1216 2218 neminis

206 2293 268 2322 737
294 2283 338 2314 ita
360 2294 415 2314 me
440 2283 528 2314 uelle
553 2283 653 2313 dicite
678 2282 766 2314 cod.:
803 2284 874 2314 [ναί.
902 2284 1075 2314 Fleckeisen
1303 2286 1366 2323 748
1389 2285 1438 2315 vel
1452 2286 1495 2315 mi

162 2335 225 2364 749
249 2327 313 2357 iam
344 2327 434 2358 hunc
460 2326 617 2366 Pylades:
644 2327 752 2357 istunc
781 2327 844 2357 iam
866 2327 959 2360 Bm'x.
985 2329 1115 2357 hiatum
1142 2328 1203 2356 nisi
1224 2328 1228 2368 Ι
1251 2328 1339 2358 hunc
1362 2329 1498 2358 vitantes

161 2379 223 2408 755
247 2370 448 2401 offrenatum
469 2370 686 2401 Gulielmius:
710 2370 802 2400 osere
820 2376 930 2401 natum
950 2371 1014 2400 sod.
1037 2370 1154 2410 (Epro
1174 2369 1214 2412 F)
1436 2373 1497 2410 756

161 2418 238 2454 post
256 2414 338 2444 haee
356 2415 421 2446 cod.
560 2415 622 2454 762
640 2414 748 2446 hostis
765 2414 855 2446 codd.
875 2415 979 2445 Nonii
996 2415 1060 2454 498
