<?xml version="1.0" encoding="UTF-8"?>
<!DOCTYPE html PUBLIC "-//W3C//DTD XHTML 1.0 Transitional//EN"
    "http://www.w3.org/TR/xhtml1/DTD/xhtml1-transitional.dtd">
<html xmlns="http://www.w3.org/1999/xhtml" xml:lang="en" lang="en">
 <head>
  <title>
</title>
<meta http-equiv="Content-Type" content="text/html;charset=utf-8" />
  <meta name='ocr-system' content='tesseract 3.04.00' />
  <meta name='ocr-capabilities' content='ocr_page ocr_carea ocr_par ocr_line ocrx_word'/>
</head>
<body>
  <div class='ocr_page' id='page_1' title='image "./comoediaerecogno01plauuoft_0506.png"; bbox 0 0 1727 2702; ppageno 0'>
   <div class='ocr_carea' id='block_1_1' title="bbox 174 100 1137 144">
    <p class='ocr_par' dir='ltr' id='par_1_1' title="bbox 174 100 1137 144">
     <span class='ocr_line' id='line_1_1' title="bbox 174 100 1137 144; baseline 0 -2"><span class='ocrx_word' id='word_1_1' title='bbox 174 101 204 142; x_wconf 91' lang='lat'>1.</span> <span class='ocrx_word' id='word_1_2' title='bbox 227 100 256 141; x_wconf 85' lang='lat' dir='ltr'>ii</span> <span class='ocrx_word' id='word_1_3' title='bbox 638 102 685 143; x_wconf 91' lang='lat' dir='ltr'>T.</span> <span class='ocrx_word' id='word_1_4' title='bbox 719 102 899 144; x_wconf 91' lang='lat' dir='ltr'>MACCI</span> <span class='ocrx_word' id='word_1_5' title='bbox 933 102 1137 142; x_wconf 91' lang='lat' dir='ltr'><strong>PLAVTI</strong></span> 
     </span>
    </p>
   </div>
   <div class='ocr_carea' id='block_1_2' title="bbox 137 213 1710 1639">
    <p class='ocr_par' dir='ltr' id='par_1_2' title="bbox 137 213 1710 1639">
     <span class='ocr_line' id='line_1_2' title="bbox 225 213 1511 267; baseline 0.001 -15"><span class='ocrx_word' id='word_1_6' title='bbox 225 213 256 253; x_wconf 92' lang='lat' dir='ltr'>si</span> <span class='ocrx_word' id='word_1_7' title='bbox 279 213 384 253; x_wconf 90' lang='lat' dir='ltr'>illam</span> <span class='ocrx_word' id='word_1_8' title='bbox 407 214 518 254; x_wconf 89' lang='lat' dir='ltr'>matri</span> <span class='ocrx_word' id='word_1_9' title='bbox 541 228 652 254; x_wconf 90' lang='lat' dir='ltr'>meae</span> <span class='ocrx_word' id='word_1_10' title='bbox 671 213 771 267; x_wconf 78' lang='lat' dir='ltr'>(me)</span> <span class='ocrx_word' id='word_1_11' title='bbox 791 214 932 253; x_wconf 83' lang='lat' dir='ltr'>emisse</span> <span class='ocrx_word' id='word_1_12' title='bbox 955 213 1085 254; x_wconf 87' lang='lat' dir='ltr'>dicam</span> <span class='ocrx_word' id='word_1_13' title='bbox 1103 228 1112 262; x_wconf 89' lang='lat'>;</span> <span class='ocrx_word' id='word_1_14' title='bbox 1146 221 1236 265; x_wconf 90' lang='lat' dir='ltr'>post</span> <span class='ocrx_word' id='word_1_15' title='bbox 1261 221 1393 253; x_wconf 91' lang='lat' dir='ltr'>autem</span> <span class='ocrx_word' id='word_1_16' title='bbox 1415 213 1511 253; x_wconf 89' lang='lat' dir='ltr'>mihi</span> 
     </span>
     <span class='ocr_line' id='line_1_3' title="bbox 225 279 1263 331; baseline 0 -13"><span class='ocrx_word' id='word_1_17' title='bbox 225 281 343 319; x_wconf 91' lang='lat' dir='ltr'>scelu&#39;</span> <span class='ocrx_word' id='word_1_18' title='bbox 365 280 520 320; x_wconf 92' lang='lat' dir='ltr'>uidetur</span> <span class='ocrx_word' id='word_1_19' title='bbox 541 294 604 320; x_wconf 93' lang='lat' dir='ltr'>me</span> <span class='ocrx_word' id='word_1_20' title='bbox 624 280 775 331; x_wconf 90' lang='lat' dir='ltr'>parenti</span> <span class='ocrx_word' id='word_1_21' title='bbox 796 279 977 331; x_wconf 88' lang='lat' dir='ltr'>proloqui</span> <span class='ocrx_word' id='word_1_22' title='bbox 1000 279 1263 319; x_wconf 83' lang='lat' dir='ltr'>mendacium.</span> 
     </span>
     <span class='ocr_line' id='line_1_4' title="bbox 225 339 1710 396; baseline -0.002 -13"><span class='ocrx_word' id='word_1_23' title='bbox 225 358 355 395; x_wconf 91' lang='lat' dir='ltr'>neque</span> <span class='ocrx_word' id='word_1_24' title='bbox 376 345 439 384; x_wconf 89' lang='lat' dir='ltr'>ille</span> <span class='ocrx_word' id='word_1_25' title='bbox 460 346 593 384; x_wconf 90' lang='lat' dir='ltr'>credet</span> <span class='ocrx_word' id='word_1_26' title='bbox 610 358 739 396; x_wconf 89' lang='lat' dir='ltr'>neque</span> <span class='ocrx_word' id='word_1_27' title='bbox 756 345 944 384; x_wconf 88' lang='lat' dir='ltr'>credibile</span> <span class='ocrx_word' id='word_1_28' title='bbox 965 351 1024 384; x_wconf 91' lang='lat' dir='ltr'>est</span> <span class='ocrx_word' id='word_1_29' title='bbox 1044 345 1170 384; x_wconf 86' lang='lat' dir='ltr'>forma</span> <span class='ocrx_word' id='word_1_30' title='bbox 1190 343 1332 383; x_wconf 89' lang='lat' dir='ltr'>eximia</span> <span class='ocrx_word' id='word_1_31' title='bbox 1352 344 1555 384; x_wconf 90' lang='lat' dir='ltr'>mulierem</span> <span class='ocrx_word' id='word_1_32' title='bbox 1575 355 1643 382; x_wconf 87' lang='lat'>210</span> <span class='ocrx_word' id='word_1_33' title='bbox 1705 339 1710 345; x_wconf 91' lang='grc'><strong><em>’</em></strong></span> 
     </span>
     <span class='ocr_line' id='line_1_5' title="bbox 145 410 1557 457; baseline 0.003 -11"><span class='ocrx_word' id='word_1_34' title='bbox 145 423 204 446; x_wconf 87' lang='grc' dir='ltr'>ιοο</span> <span class='ocrx_word' id='word_1_35' title='bbox 224 423 310 448; x_wconf 90' lang='lat' dir='ltr'>eam</span> <span class='ocrx_word' id='word_1_36' title='bbox 332 424 396 449; x_wconf 92' lang='lat' dir='ltr'>me</span> <span class='ocrx_word' id='word_1_37' title='bbox 416 411 558 449; x_wconf 86' lang='lat' dir='ltr'>emisse</span> <span class='ocrx_word' id='word_1_38' title='bbox 577 410 761 450; x_wconf 83' lang='lat' dir='ltr'>ancillam</span> <span class='ocrx_word' id='word_1_39' title='bbox 783 410 905 449; x_wconf 90' lang='lat' dir='ltr'>matri.</span> <span class='ocrx_word' id='word_1_40' title='bbox 957 412 1029 449; x_wconf 89' lang='lat' dir='ltr'>Ac.</span> <span class='ocrx_word' id='word_1_41' title='bbox 1054 423 1135 450; x_wconf 90' lang='lat' dir='ltr'>non</span> <span class='ocrx_word' id='word_1_42' title='bbox 1152 417 1268 457; x_wconf 84' lang='lat' dir='ltr'>taceS‚</span> <span class='ocrx_word' id='word_1_43' title='bbox 1286 410 1557 450; x_wconf 86' lang='lat' dir='ltr'>stultissume?</span> 
     </span>
     <span class='ocr_line' id='line_1_6' title="bbox 223 475 1523 524; baseline 0.001 -10"><span class='ocrx_word' id='word_1_44' title='bbox 223 476 357 514; x_wconf 89' lang='lat' dir='ltr'>credet</span> <span class='ocrx_word' id='word_1_45' title='bbox 378 477 519 524; x_wconf 88' lang='lat' dir='ltr'>hercle,</span> <span class='ocrx_word' id='word_1_46' title='bbox 541 489 634 514; x_wconf 89' lang='lat' dir='ltr'>nam</span> <span class='ocrx_word' id='word_1_47' title='bbox 654 476 842 515; x_wconf 90' lang='lat' dir='ltr'>credebat</span> <span class='ocrx_word' id='word_1_48' title='bbox 862 475 939 514; x_wconf 88' lang='lat' dir='ltr'>iam</span> <span class='ocrx_word' id='word_1_49' title='bbox 962 475 1069 514; x_wconf 87' lang='lat' dir='ltr'>mihi.</span> <span class='ocrx_word' id='word_1_50' title='bbox 1130 476 1207 515; x_wconf 75' lang='lat' dir='ltr'>CH.</span> <span class='ocrx_word' id='word_1_51' title='bbox 1241 483 1375 514; x_wconf 90' lang='lat' dir='ltr'>metuo</span> <span class='ocrx_word' id='word_1_52' title='bbox 1396 475 1523 522; x_wconf 89' lang='lat' dir='ltr'>miser,</span> 
     </span>
     <span class='ocr_line' id='line_1_7' title="bbox 224 540 1230 592; baseline 0.001 -14"><span class='ocrx_word' id='word_1_53' title='bbox 224 553 274 579; x_wconf 91' lang='lat' dir='ltr'>ne</span> <span class='ocrx_word' id='word_1_54' title='bbox 294 548 444 591; x_wconf 89' lang='lat' dir='ltr'>patrem</span> <span class='ocrx_word' id='word_1_55' title='bbox 465 542 685 592; x_wconf 86' lang='lat' dir='ltr'>prehendat</span> <span class='ocrx_word' id='word_1_56' title='bbox 705 548 748 580; x_wconf 91' lang='lat' dir='ltr'>ut</span> <span class='ocrx_word' id='word_1_57' title='bbox 768 540 817 580; x_wconf 91' lang='lat' dir='ltr'>sit</span> <span class='ocrx_word' id='word_1_58' title='bbox 837 548 945 592; x_wconf 84' lang='lat' dir='ltr'>gesta</span> <span class='ocrx_word' id='word_1_59' title='bbox 967 554 1026 580; x_wconf 92' lang='lat' dir='ltr'>res</span> <span class='ocrx_word' id='word_1_60' title='bbox 1048 540 1230 592; x_wconf 90' lang='lat' dir='ltr'>suspicio.</span> 
     </span>
     <span class='ocr_line' id='line_1_8' title="bbox 224 604 1558 659; baseline 0.001 -15"><span class='ocrx_word' id='word_1_61' title='bbox 224 605 300 644; x_wconf 91' lang='lat' dir='ltr'>hoc</span> <span class='ocrx_word' id='word_1_62' title='bbox 334 607 442 656; x_wconf 92' lang='lat' dir='ltr'>quod</span> <span class='ocrx_word' id='word_1_63' title='bbox 473 613 510 645; x_wconf 91' lang='lat' dir='ltr'>te</span> <span class='ocrx_word' id='word_1_64' title='bbox 539 619 635 657; x_wconf 85' lang='lat' dir='ltr'>rogo</span> <span class='ocrx_word' id='word_1_65' title='bbox 665 607 872 657; x_wconf 89' lang='lat' dir='ltr'>responde,</span> <span class='ocrx_word' id='word_1_66' title='bbox 905 604 1099 659; x_wconf 75' lang='lat' dir='ltr'>(quaeso).</span> <span class='ocrx_word' id='word_1_67' title='bbox 1160 608 1232 645; x_wconf 90' lang='lat' dir='ltr'>Ac.</span> <span class='ocrx_word' id='word_1_68' title='bbox 1266 619 1424 656; x_wconf 86' lang='lat' dir='ltr'>quaeso,</span> <span class='ocrx_word' id='word_1_69' title='bbox 1460 605 1558 657; x_wconf 89' lang='lat' dir='ltr'>quid</span> 
     </span>
     <span class='ocr_line' id='line_1_9' title="bbox 1417 673 1558 723; baseline 0 -13"><span class='ocrx_word' id='word_1_70' title='bbox 1417 684 1528 723; x_wconf 89' lang='lat' dir='ltr'>rogas</span> <span class='ocrx_word' id='word_1_71' title='bbox 1542 673 1558 709; x_wconf 91' lang='lat'>?</span> 
     </span>
     <span class='ocr_line' id='line_1_10' title="bbox 223 736 1642 788; baseline -0.001 -12"><span class='ocrx_word' id='word_1_72' title='bbox 223 736 300 776; x_wconf 80' lang='lat' dir='ltr'>CH.</span> <span class='ocrx_word' id='word_1_73' title='bbox 325 739 419 775; x_wconf 75' lang='lat' dir='ltr'>num</span> <span class='ocrx_word' id='word_1_74' title='bbox 434 750 520 776; x_wconf 90' lang='lat' dir='ltr'>esse</span> <span class='ocrx_word' id='word_1_75' title='bbox 534 737 704 776; x_wconf 87' lang='lat' dir='ltr'>amicam</span> <span class='ocrx_word' id='word_1_76' title='bbox 721 737 909 788; x_wconf 88' lang='lat' dir='ltr'>suspicari</span> <span class='ocrx_word' id='word_1_77' title='bbox 923 737 1030 776; x_wconf 91' lang='lat' dir='ltr'>uisus</span> <span class='ocrx_word' id='word_1_78' title='bbox 1043 745 1103 777; x_wconf 92' lang='lat' dir='ltr'>est</span> <span class='ocrx_word' id='word_1_79' title='bbox 1118 739 1135 776; x_wconf 90' lang='lat'>?</span> <span class='ocrx_word' id='word_1_80' title='bbox 1173 739 1245 776; x_wconf 90' lang='lat' dir='ltr'>Ac.</span> <span class='ocrx_word' id='word_1_81' title='bbox 1269 750 1349 776; x_wconf 90' lang='lat' dir='ltr'>non</span> <span class='ocrx_word' id='word_1_82' title='bbox 1364 736 1471 775; x_wconf 90' lang='lat' dir='ltr'>uisus</span> <span class='ocrx_word' id='word_1_83' title='bbox 1485 744 1553 776; x_wconf 89' lang='lat' dir='ltr'>est.</span> <span class='ocrx_word' id='word_1_84' title='bbox 1576 748 1642 785; x_wconf 82' lang='lat'>215</span> 
     </span>
     <span class='ocr_line' id='line_1_11' title="bbox 142 801 1557 853; baseline 0.001 -14"><span class='ocrx_word' id='word_1_85' title='bbox 142 816 202 850; x_wconf 88' lang='lat'>105</span> <span class='ocrx_word' id='word_1_86' title='bbox 222 801 318 853; x_wconf 89' lang='lat' dir='ltr'>quin</span> <span class='ocrx_word' id='word_1_87' title='bbox 348 802 525 853; x_wconf 87' lang='lat' dir='ltr'>quidque</span> <span class='ocrx_word' id='word_1_88' title='bbox 554 810 597 842; x_wconf 91' lang='lat' dir='ltr'>ut</span> <span class='ocrx_word' id='word_1_89' title='bbox 627 802 810 842; x_wconf 89' lang='lat' dir='ltr'>dicebam</span> <span class='ocrx_word' id='word_1_90' title='bbox 843 802 939 841; x_wconf 89' lang='lat' dir='ltr'>mihi</span> <span class='ocrx_word' id='word_1_91' title='bbox 969 803 1165 842; x_wconf 88' lang='lat' dir='ltr'>credebat.</span> <span class='ocrx_word' id='word_1_92' title='bbox 1225 803 1302 842; x_wconf 84' lang='lat' dir='ltr'>CH.</span> <span class='ocrx_word' id='word_1_93' title='bbox 1336 815 1484 849; x_wconf 90' lang='lat' dir='ltr'>uerum,</span> <span class='ocrx_word' id='word_1_94' title='bbox 1514 809 1557 840; x_wconf 93' lang='lat' dir='ltr'>ut</span> 
     </span>
     <span class='ocr_line' id='line_1_12' title="bbox 1304 867 1555 918; baseline 0 -12"><span class='ocrx_word' id='word_1_95' title='bbox 1304 867 1374 907; x_wconf 91' lang='lat' dir='ltr'>tibi</span> <span class='ocrx_word' id='word_1_96' title='bbox 1393 867 1555 918; x_wconf 91' lang='lat' dir='ltr'>quidem</span> 
     </span>
     <span class='ocr_line' id='line_1_13' title="bbox 223 932 1553 981; baseline -0.001 -9"><span class='ocrx_word' id='word_1_97' title='bbox 223 932 330 972; x_wconf 91' lang='lat' dir='ltr'>uisus</span> <span class='ocrx_word' id='word_1_98' title='bbox 357 941 425 972; x_wconf 92' lang='lat' dir='ltr'>est.</span> <span class='ocrx_word' id='word_1_99' title='bbox 485 935 557 973; x_wconf 91' lang='lat' dir='ltr'>Ac.</span> <span class='ocrx_word' id='word_1_100' title='bbox 589 948 682 981; x_wconf 88' lang='lat' dir='ltr'>non,</span> <span class='ocrx_word' id='word_1_101' title='bbox 705 935 775 974; x_wconf 92' lang='lat' dir='ltr'>sed</span> <span class='ocrx_word' id='word_1_102' title='bbox 802 934 999 974; x_wconf 89' lang='lat' dir='ltr'>credebat.</span> <span class='ocrx_word' id='word_1_103' title='bbox 1059 934 1137 973; x_wconf 81' lang='lat' dir='ltr'>CH.</span> <span class='ocrx_word' id='word_1_104' title='bbox 1170 947 1243 972; x_wconf 90' lang='lat' dir='ltr'>uae</span> <span class='ocrx_word' id='word_1_105' title='bbox 1274 933 1369 971; x_wconf 89' lang='lat' dir='ltr'>mihi</span> <span class='ocrx_word' id='word_1_106' title='bbox 1400 933 1553 980; x_wconf 86' lang='lat' dir='ltr'>misero,</span> 
     </span>
     <span class='ocr_line' id='line_1_14' title="bbox 1306 1000 1555 1037; baseline 0 0"><span class='ocrx_word' id='word_1_107' title='bbox 1306 1000 1427 1037; x_wconf 91' lang='lat' dir='ltr'>nullu’</span> <span class='ocrx_word' id='word_1_108' title='bbox 1445 1012 1532 1037; x_wconf 92' lang='lat' dir='ltr'>sum</span> <span class='ocrx_word' id='word_1_109' title='bbox 1548 1002 1555 1037; x_wconf 90' lang='lat'>!</span> 
     </span>
     <span class='ocr_line' id='line_1_15' title="bbox 221 1063 1511 1116; baseline 0.001 -14"><span class='ocrx_word' id='word_1_110' title='bbox 221 1065 291 1103; x_wconf 90' lang='lat' dir='ltr'>sed</span> <span class='ocrx_word' id='word_1_111' title='bbox 313 1063 409 1115; x_wconf 92' lang='lat' dir='ltr'>quid</span> <span class='ocrx_word' id='word_1_112' title='bbox 430 1078 503 1115; x_wconf 84' lang='lat' dir='ltr'>ego</span> <span class='ocrx_word' id='word_1_113' title='bbox 524 1064 587 1103; x_wconf 87' lang='lat' dir='ltr'>hic</span> <span class='ocrx_word' id='word_1_114' title='bbox 609 1064 648 1103; x_wconf 93' lang='lat' dir='ltr'>in</span> <span class='ocrx_word' id='word_1_115' title='bbox 669 1065 926 1104; x_wconf 90' lang='lat' dir='ltr'>lamentando</span> <span class='ocrx_word' id='word_1_116' title='bbox 951 1078 1081 1116; x_wconf 90' lang='lat' dir='ltr'>pereo,</span> <span class='ocrx_word' id='word_1_117' title='bbox 1103 1066 1155 1104; x_wconf 92' lang='lat' dir='ltr'>ad</span> <span class='ocrx_word' id='word_1_118' title='bbox 1175 1064 1309 1103; x_wconf 90' lang='lat' dir='ltr'>nauim</span> <span class='ocrx_word' id='word_1_119' title='bbox 1331 1078 1412 1103; x_wconf 92' lang='lat' dir='ltr'>non</span> <span class='ocrx_word' id='word_1_120' title='bbox 1433 1065 1511 1103; x_wconf 85' lang='lat' dir='ltr'>eo?</span> 
     </span>
     <span class='ocr_line' id='line_1_16' title="bbox 220 1129 1554 1181; baseline -0.001 -12"><span class='ocrx_word' id='word_1_121' title='bbox 220 1143 394 1181; x_wconf 87' lang='lat' dir='ltr'>sequere.</span> <span class='ocrx_word' id='word_1_122' title='bbox 468 1132 541 1169; x_wconf 93' lang='lat' dir='ltr'>Ac.</span> <span class='ocrx_word' id='word_1_123' title='bbox 586 1129 618 1169; x_wconf 91' lang='lat' dir='ltr'>si</span> <span class='ocrx_word' id='word_1_124' title='bbox 657 1129 753 1169; x_wconf 89' lang='lat' dir='ltr'>istac</span> <span class='ocrx_word' id='word_1_125' title='bbox 792 1130 877 1178; x_wconf 90' lang='lat' dir='ltr'>ibis,</span> <span class='ocrx_word' id='word_1_126' title='bbox 919 1131 1178 1169; x_wconf 90' lang='lat' dir='ltr'>commodum</span> <span class='ocrx_word' id='word_1_127' title='bbox 1218 1129 1377 1168; x_wconf 91' lang='lat' dir='ltr'>obuiam</span> <span class='ocrx_word' id='word_1_128' title='bbox 1418 1129 1554 1168; x_wconf 91' lang='lat' dir='ltr'>uenies</span> 
     </span>
     <span class='ocr_line' id='line_1_17' title="bbox 1428 1194 1555 1245; baseline 0 -12"><span class='ocrx_word' id='word_1_129' title='bbox 1428 1194 1527 1245; x_wconf 87' lang='lat' dir='ltr'>patri</span> <span class='ocrx_word' id='word_1_130' title='bbox 1545 1210 1555 1243; x_wconf 77' lang='lat'>3</span> 
     </span>
     <span class='ocr_line' id='line_1_18' title="bbox 219 1259 1643 1311; baseline -0.001 -12"><span class='ocrx_word' id='word_1_131' title='bbox 219 1268 357 1310; x_wconf 89' lang='lat' dir='ltr'>postea</span> <span class='ocrx_word' id='word_1_132' title='bbox 376 1260 514 1311; x_wconf 87' lang='lat' dir='ltr'>aspicit</span> <span class='ocrx_word' id='word_1_133' title='bbox 536 1268 573 1299; x_wconf 92' lang='lat' dir='ltr'>te</span> <span class='ocrx_word' id='word_1_134' title='bbox 593 1260 777 1300; x_wconf 91' lang='lat' dir='ltr'>timidum</span> <span class='ocrx_word' id='word_1_135' title='bbox 798 1274 884 1300; x_wconf 87' lang='lat' dir='ltr'>esse</span> <span class='ocrx_word' id='word_1_136' title='bbox 904 1268 1024 1311; x_wconf 89' lang='lat' dir='ltr'>atque</span> <span class='ocrx_word' id='word_1_137' title='bbox 1043 1260 1308 1300; x_wconf 88' lang='lat' dir='ltr'>exanimatum</span> <span class='ocrx_word' id='word_1_138' title='bbox 1327 1277 1333 1299; x_wconf 92' lang='lat'>:</span> <span class='ocrx_word' id='word_1_139' title='bbox 1364 1259 1454 1299; x_wconf 90' lang='lat' dir='ltr'>ilico</span> <span class='ocrx_word' id='word_1_140' title='bbox 1574 1269 1643 1294; x_wconf 88' lang='lat'>220</span> 
     </span>
     <span class='ocr_line' id='line_1_19' title="bbox 137 1324 1390 1376; baseline 0.001 -14"><span class='ocrx_word' id='word_1_141' title='bbox 137 1338 199 1362; x_wconf 86' lang='lat'>110</span> <span class='ocrx_word' id='word_1_142' title='bbox 219 1325 412 1373; x_wconf 88' lang='lat' dir='ltr'>retinebit,</span> <span class='ocrx_word' id='word_1_143' title='bbox 435 1325 617 1376; x_wconf 86' lang='lat' dir='ltr'>rogitabit</span> <span class='ocrx_word' id='word_1_144' title='bbox 638 1327 745 1365; x_wconf 87' lang='lat' dir='ltr'>unde</span> <span class='ocrx_word' id='word_1_145' title='bbox 765 1325 870 1364; x_wconf 89' lang='lat' dir='ltr'>illam</span> <span class='ocrx_word' id='word_1_146' title='bbox 892 1325 1046 1374; x_wconf 90' lang='lat' dir='ltr'>emeris,</span> <span class='ocrx_word' id='word_1_147' title='bbox 1067 1325 1204 1376; x_wconf 89' lang='lat' dir='ltr'>quanti</span> <span class='ocrx_word' id='word_1_148' title='bbox 1224 1324 1364 1364; x_wconf 90' lang='lat' dir='ltr'>emeris</span> <span class='ocrx_word' id='word_1_149' title='bbox 1384 1340 1390 1362; x_wconf 92' lang='lat'><strong>:</strong></span> 
     </span>
     <span class='ocr_line' id='line_1_20' title="bbox 219 1390 1554 1443; baseline 0.001 -14"><span class='ocrx_word' id='word_1_150' title='bbox 219 1390 402 1429; x_wconf 88' lang='lat' dir='ltr'>timidum</span> <span class='ocrx_word' id='word_1_151' title='bbox 432 1390 641 1442; x_wconf 87' lang='lat' dir='ltr'>temptabit</span> <span class='ocrx_word' id='word_1_152' title='bbox 670 1398 719 1431; x_wconf 90' lang='lat' dir='ltr'>te.</span> <span class='ocrx_word' id='word_1_153' title='bbox 779 1392 857 1432; x_wconf 80' lang='lat' dir='ltr'>CH.</span> <span class='ocrx_word' id='word_1_154' title='bbox 895 1392 969 1430; x_wconf 92' lang='lat' dir='ltr'>hac</span> <span class='ocrx_word' id='word_1_155' title='bbox 1003 1391 1071 1430; x_wconf 93' lang='lat' dir='ltr'>ibo</span> <span class='ocrx_word' id='word_1_156' title='bbox 1104 1391 1246 1443; x_wconf 90' lang='lat' dir='ltr'>potius.</span> <span class='ocrx_word' id='word_1_157' title='bbox 1305 1392 1382 1430; x_wconf 88' lang='lat' dir='ltr'>iam</span> <span class='ocrx_word' id='word_1_158' title='bbox 1416 1405 1554 1431; x_wconf 90' lang='lat' dir='ltr'>censes</span> 
     </span>
     <span class='ocr_line' id='line_1_21' title="bbox 1402 1465 1552 1508; baseline 0 -12"><span class='ocrx_word' id='word_1_159' title='bbox 1402 1465 1552 1508; x_wconf 91' lang='lat' dir='ltr'>patrem</span> 
     </span>
     <span class='ocr_line' id='line_1_22' title="bbox 217 1520 1508 1574; baseline 0.002 -14"><span class='ocrx_word' id='word_1_160' title='bbox 217 1520 361 1560; x_wconf 88' lang='lat' dir='ltr'>abiisse</span> <span class='ocrx_word' id='word_1_161' title='bbox 380 1535 403 1559; x_wconf 88' lang='lat' dir='ltr'>a</span> <span class='ocrx_word' id='word_1_162' title='bbox 423 1523 568 1572; x_wconf 88' lang='lat' dir='ltr'>portu?</span> <span class='ocrx_word' id='word_1_163' title='bbox 624 1523 696 1561; x_wconf 91' lang='lat' dir='ltr'>Ac.</span> <span class='ocrx_word' id='word_1_164' title='bbox 729 1522 825 1572; x_wconf 88' lang='lat' dir='ltr'>quin</span> <span class='ocrx_word' id='word_1_165' title='bbox 846 1536 893 1562; x_wconf 88' lang='lat' dir='ltr'>ea</span> <span class='ocrx_word' id='word_1_166' title='bbox 913 1536 986 1574; x_wconf 91' lang='lat' dir='ltr'>ego</span> <span class='ocrx_word' id='word_1_167' title='bbox 1007 1524 1086 1562; x_wconf 92' lang='lat' dir='ltr'>huc</span> <span class='ocrx_word' id='word_1_168' title='bbox 1107 1523 1352 1573; x_wconf 88' lang='lat' dir='ltr'>praecucurri</span> <span class='ocrx_word' id='word_1_169' title='bbox 1374 1523 1508 1574; x_wconf 89' lang='lat' dir='ltr'>gratia,</span> 
     </span>
     <span class='ocr_line' id='line_1_23' title="bbox 219 1587 1553 1639; baseline 0.001 -14"><span class='ocrx_word' id='word_1_170' title='bbox 219 1600 269 1626; x_wconf 91' lang='lat' dir='ltr'>ne</span> <span class='ocrx_word' id='word_1_171' title='bbox 301 1594 339 1626; x_wconf 88' lang='lat' dir='ltr'>te</span> <span class='ocrx_word' id='word_1_172' title='bbox 377 1587 615 1638; x_wconf 89' lang='lat' dir='ltr'>opprimeret</span> <span class='ocrx_word' id='word_1_173' title='bbox 645 1587 923 1639; x_wconf 89' lang='lat' dir='ltr'>inprudentem</span> <span class='ocrx_word' id='word_1_174' title='bbox 955 1596 1075 1638; x_wconf 90' lang='lat' dir='ltr'>atque</span> <span class='ocrx_word' id='word_1_175' title='bbox 1115 1590 1307 1628; x_wconf 87' lang='lat' dir='ltr'>electaret.</span> <span class='ocrx_word' id='word_1_176' title='bbox 1377 1590 1454 1629; x_wconf 76' lang='lat' dir='ltr'>CH.</span> <span class='ocrx_word' id='word_1_177' title='bbox 1487 1602 1553 1639; x_wconf 92' lang='lat' dir='ltr'>op-</span> 
     </span>
    </p>
   </div>
   <div class='ocr_carea' id='block_1_3' title="bbox 108 1661 1635 2343">
    <p class='ocr_par' dir='ltr' id='par_1_3' title="bbox 108 1661 1635 2343">
     <span class='ocr_line' id='line_1_24' title="bbox 1378 1661 1554 1694; baseline 0 -1"><span class='ocrx_word' id='word_1_178' title='bbox 1378 1661 1554 1694; x_wconf 68' lang='lat' dir='ltr'>tume—</span> 
     </span>
     <span class='ocr_line' id='line_1_25' title="bbox 108 1890 1021 1933; baseline 0.005 -5"><span class='ocrx_word' id='word_1_179' title='bbox 108 1891 163 1929; x_wconf 92' lang='lat'>11.</span> <span class='ocrx_word' id='word_1_180' title='bbox 184 1890 199 1929; x_wconf 92' lang='lat' dir='ltr'>i</span> <span class='ocrx_word' id='word_1_181' title='bbox 752 1895 788 1931; x_wconf 97' lang='lat' dir='ltr'>D</span> <span class='ocrx_word' id='word_1_182' title='bbox 803 1906 827 1931; x_wconf 78' lang='grc' dir='ltr'>Ε</span> <span class='ocrx_word' id='word_1_183' title='bbox 841 1906 871 1932; x_wconf 91' lang='grc' dir='ltr'><strong>Μ</strong></span> <span class='ocrx_word' id='word_1_184' title='bbox 888 1906 898 1932; x_wconf 90' lang='lat'>1</span> <span class='ocrx_word' id='word_1_185' title='bbox 916 1906 937 1932; x_wconf 85' lang='lat' dir='ltr'>P</span> <span class='ocrx_word' id='word_1_186' title='bbox 952 1906 979 1932; x_wconf 81' lang='lat' dir='ltr'>H</span> <span class='ocrx_word' id='word_1_187' title='bbox 995 1907 1021 1933; x_wconf 92' lang='lat' dir='ltr'>o</span> 
     </span>
     <span class='ocr_line' id='line_1_26' title="bbox 221 1977 1635 2028; baseline 0.006 -13"><span class='ocrx_word' id='word_1_188' title='bbox 221 1979 297 2016; x_wconf 81' lang='lat' dir='ltr'>DE.</span> <span class='ocrx_word' id='word_1_189' title='bbox 329 1977 440 2017; x_wconf 90' lang='lat' dir='ltr'>Miris</span> <span class='ocrx_word' id='word_1_190' title='bbox 462 1979 590 2018; x_wconf 87' lang='lat' dir='ltr'>modis</span> <span class='ocrx_word' id='word_1_191' title='bbox 611 1979 650 2018; x_wconf 92' lang='lat' dir='ltr'>di</span> <span class='ocrx_word' id='word_1_192' title='bbox 672 1981 787 2019; x_wconf 89' lang='lat' dir='ltr'>ludos</span> <span class='ocrx_word' id='word_1_193' title='bbox 809 1981 956 2020; x_wconf 89' lang='lat' dir='ltr'>faciunt</span> <span class='ocrx_word' id='word_1_194' title='bbox 977 1982 1205 2022; x_wconf 89' lang='lat' dir='ltr'>hominibus</span> <span class='ocrx_word' id='word_1_195' title='bbox 1572 1991 1635 2028; x_wconf 84' lang='lat'>225</span> 
     </span>
     <span class='ocr_line' id='line_1_27' title="bbox 220 2043 1206 2094; baseline 0.005 -13"><span class='ocrx_word' id='word_1_196' title='bbox 220 2043 405 2094; x_wconf 88' lang='lat' dir='ltr'>mirisque</span> <span class='ocrx_word' id='word_1_197' title='bbox 426 2044 614 2094; x_wconf 89' lang='lat' dir='ltr'>exemplis</span> <span class='ocrx_word' id='word_1_198' title='bbox 637 2045 791 2084; x_wconf 90' lang='lat' dir='ltr'>somnia</span> <span class='ocrx_word' id='word_1_199' title='bbox 812 2046 850 2084; x_wconf 88' lang='lat' dir='ltr'>in</span> <span class='ocrx_word' id='word_1_200' title='bbox 873 2047 1022 2085; x_wconf 91' lang='lat' dir='ltr'>somnis</span> <span class='ocrx_word' id='word_1_201' title='bbox 1043 2049 1206 2086; x_wconf 90' lang='lat' dir='ltr'>danunt.</span> 
     </span>
     <span class='ocr_line' id='line_1_28' title="bbox 220 2109 1207 2162; baseline 0.005 -16"><span class='ocrx_word' id='word_1_202' title='bbox 220 2109 328 2147; x_wconf 92' lang='lat' dir='ltr'>uelut</span> <span class='ocrx_word' id='word_1_203' title='bbox 349 2122 422 2159; x_wconf 87' lang='lat' dir='ltr'>ego</span> <span class='ocrx_word' id='word_1_204' title='bbox 444 2117 559 2148; x_wconf 91' lang='lat' dir='ltr'>nocte</span> <span class='ocrx_word' id='word_1_205' title='bbox 582 2111 655 2149; x_wconf 89' lang='lat' dir='ltr'>hac</span> <span class='ocrx_word' id='word_1_206' title='bbox 676 2124 778 2161; x_wconf 90' lang='lat' dir='ltr'>quae</span> <span class='ocrx_word' id='word_1_207' title='bbox 800 2111 995 2161; x_wconf 84' lang='lat' dir='ltr'>praeteriit</span> <span class='ocrx_word' id='word_1_208' title='bbox 1017 2125 1207 2162; x_wconf 89' lang='lat' dir='ltr'>proxuma</span> 
     </span>
     <span class='ocr_line' id='line_1_29' title="bbox 264 2212 1550 2256; baseline 0.004 -13"><span class='ocrx_word' id='word_1_209' title='bbox 264 2213 327 2244; x_wconf 83' lang='lat'>208</span> <span class='ocrx_word' id='word_1_210' title='bbox 352 2222 405 2243; x_wconf 89' lang='lat' dir='ltr'>me</span> <span class='ocrx_word' id='word_1_211' title='bbox 421 2212 497 2244; x_wconf 79' lang='lat' dir='ltr'>add.</span> <span class='ocrx_word' id='word_1_212' title='bbox 517 2213 690 2244; x_wconf 70' lang='lat' dir='ltr'>Aa&#39;dalius</span> <span class='ocrx_word' id='word_1_213' title='bbox 799 2224 858 2244; x_wconf 82' lang='lat'>211</span> <span class='ocrx_word' id='word_1_214' title='bbox 888 2214 958 2256; x_wconf 88' lang='lat' dir='ltr'>me]</span> <span class='ocrx_word' id='word_1_215' title='bbox 976 2226 1070 2246; x_wconf 87' lang='lat' dir='ltr'>meac</span> <span class='ocrx_word' id='word_1_216' title='bbox 1094 2214 1226 2246; x_wconf 87' lang='lat' dir='ltr'>Loman</span> <span class='ocrx_word' id='word_1_217' title='bbox 1337 2227 1399 2256; x_wconf 81' lang='lat'>214</span> <span class='ocrx_word' id='word_1_218' title='bbox 1423 2227 1550 2256; x_wconf 89' lang='lat' dir='ltr'>quaeso</span> 
     </span>
     <span class='ocr_line' id='line_1_30' title="bbox 220 2255 1549 2299; baseline 0.005 -13"><span class='ocrx_word' id='word_1_219' title='bbox 220 2255 296 2286; x_wconf 81' lang='lat' dir='ltr'>add.</span> <span class='ocrx_word' id='word_1_220' title='bbox 317 2256 443 2287; x_wconf 71' lang='lat' dir='ltr'>Ritsclzl</span> <span class='ocrx_word' id='word_1_221' title='bbox 588 2267 650 2288; x_wconf 86' lang='lat'>220</span> <span class='ocrx_word' id='word_1_222' title='bbox 675 2262 850 2297; x_wconf 83' lang='lat' dir='ltr'>postquam</span> <span class='ocrx_word' id='word_1_223' title='bbox 868 2258 941 2289; x_wconf 80' lang='lat' dir='ltr'>Ital.</span> <span class='ocrx_word' id='word_1_224' title='bbox 1032 2260 1172 2299; x_wconf 86' lang='lat' dir='ltr'>aspicite</span> <span class='ocrx_word' id='word_1_225' title='bbox 1189 2259 1241 2290; x_wconf 82' lang='lat' dir='ltr'>B:</span> <span class='ocrx_word' id='word_1_226' title='bbox 1264 2260 1404 2299; x_wconf 84' lang='lat' dir='ltr'>aspiciet</span> <span class='ocrx_word' id='word_1_227' title='bbox 1426 2265 1458 2291; x_wconf 88' lang='lat' dir='ltr'>te</span> <span class='ocrx_word' id='word_1_228' title='bbox 1475 2261 1549 2293; x_wconf 81' lang='lat' dir='ltr'>Ital.</span> 
     </span>
     <span class='ocr_line' id='line_1_31' title="bbox 219 2300 1549 2343; baseline 0.004 -13"><span class='ocrx_word' id='word_1_229' title='bbox 219 2309 283 2338; x_wconf 81' lang='lat'>223</span> <span class='ocrx_word' id='word_1_230' title='bbox 309 2301 389 2339; x_wconf 87' lang='lat' dir='ltr'>quin</span> <span class='ocrx_word' id='word_1_231' title='bbox 415 2311 455 2331; x_wconf 86' lang='lat' dir='ltr'>ea</span> <span class='ocrx_word' id='word_1_232' title='bbox 482 2300 711 2331; x_wconf 82' lang='lat' dir='ltr'>Camerarius:</span> <span class='ocrx_word' id='word_1_233' title='bbox 737 2302 838 2341; x_wconf 87' lang='lat' dir='ltr'>quine</span> <span class='ocrx_word' id='word_1_234' title='bbox 864 2302 961 2342; x_wconf 88' lang='lat' dir='ltr'>(quin</span> <span class='ocrx_word' id='word_1_235' title='bbox 982 2301 1069 2343; x_wconf 80' lang='lat' dir='ltr'>PCD)</span> <span class='ocrx_word' id='word_1_236' title='bbox 1091 2303 1157 2335; x_wconf 78' lang='lat' dir='ltr'>cod.</span> <span class='ocrx_word' id='word_1_237' title='bbox 1335 2306 1398 2334; x_wconf 83' lang='lat'>226</span> <span class='ocrx_word' id='word_1_238' title='bbox 1421 2305 1549 2335; x_wconf 87' lang='lat' dir='ltr'>danunt</span> 
     </span>
    </p>
   </div>
   <div class='ocr_carea' id='block_1_4' title="bbox 220 2342 1547 2388">
    <p class='ocr_par' dir='ltr' id='par_1_4' title="bbox 220 2342 1547 2388">
     <span class='ocr_line' id='line_1_32' title="bbox 220 2342 1547 2388; baseline 0.004 -15"><span class='ocrx_word' id='word_1_239' title='bbox 220 2342 355 2382; x_wconf 73' lang='lat' dir='ltr'>Pylades</span> <span class='ocrx_word' id='word_1_240' title='bbox 370 2355 377 2374; x_wconf 94' lang='lat'><strong>:</strong></span> <span class='ocrx_word' id='word_1_241' title='bbox 403 2344 530 2374; x_wconf 88' lang='lat' dir='ltr'>danant</span> <span class='ocrx_word' id='word_1_242' title='bbox 548 2349 583 2374; x_wconf 85' lang='lat' dir='ltr'>ut</span> <span class='ocrx_word' id='word_1_243' title='bbox 598 2344 660 2376; x_wconf 78' lang='lat' dir='ltr'><em>vid.</em></span> <span class='ocrx_word' id='word_1_244' title='bbox 681 2344 746 2376; x_wconf 85' lang='lat' dir='ltr'>cod.</span> <span class='ocrx_word' id='word_1_245' title='bbox 767 2345 927 2386; x_wconf 83' lang='lat' dir='ltr'>(clamant</span> <span class='ocrx_word' id='word_1_246' title='bbox 943 2345 976 2376; x_wconf 89' lang='lat' dir='ltr'><em>B</em></span> <span class='ocrx_word' id='word_1_247' title='bbox 989 2346 1033 2388; x_wconf 82' lang='lat' dir='ltr'>(cl</span> <span class='ocrx_word' id='word_1_248' title='bbox 1046 2352 1109 2387; x_wconf 87' lang='lat' dir='ltr'>pro</span> <span class='ocrx_word' id='word_1_249' title='bbox 1122 2348 1141 2377; x_wconf 95' lang='lat' dir='ltr'>d</span> <span class='ocrx_word' id='word_1_250' title='bbox 1157 2359 1165 2386; x_wconf 70' lang='grc' dir='ltr'><strong><em>ς</em></strong></span> <span class='ocrx_word' id='word_1_251' title='bbox 1190 2347 1232 2379; x_wconf 94' lang='lat' dir='ltr'>vi.</span> <span class='ocrx_word' id='word_1_252' title='bbox 1253 2348 1294 2387; x_wconf 74' lang='grc' dir='ltr'>Ι),</span> <span class='ocrx_word' id='word_1_253' title='bbox 1314 2348 1444 2378; x_wconf 86' lang='lat' dir='ltr'>donant</span> <span class='ocrx_word' id='word_1_254' title='bbox 1458 2348 1547 2388; x_wconf 80' lang='lat' dir='ltr'>PCD)</span> 
     </span>
    </p>
   </div>
   <div class='ocr_carea' id='block_1_5' title="bbox 1678 0 1727 2702">
    <p class='ocr_par' dir='ltr' id='par_1_5' title="bbox 1678 0 1727 2702">
     <span class='ocr_line' id='line_1_33' title="bbox 1678 0 1727 2702; baseline 0 0"><span class='ocrx_word' id='word_1_255' title='bbox 1678 0 1727 2702; x_wconf 95' lang='lat' dir='ltr'> </span> 
     </span>
    </p>
   </div>
  </div>
 </body>
</html>
