1727 2712
677 111 1001 151 BACCHIDES
1427 114 1504 151 III.
1524 113 1556 150 ii

172 223 282 262 illum
302 222 521 262 laudabunt
541 222 650 271 boni,
672 223 779 261 hunc
799 222 918 261 etiam
939 222 1013 273 ipsi
1035 223 1252 274 culpabunt
1272 223 1374 262 mali.

121 266 158 347 ll
170 301 250 338 qua
265 301 329 326 me
343 301 482 327 caussa
496 288 710 339 magi'cum
727 301 820 335 cura
832 301 918 327 esse
933 301 1116 339 aequom,
1127 289 1379 339 obuigilatost
1394 302 1503 340 opus.
1569 245 1579 337 l

118 344 131 351 '¹
171 367 289 401 nunc,
323 353 583 400 Mnesiloche,
615 352 816 404 specimen
848 353 1030 405 specitur,
1063 367 1169 392 nunc
1199 362 1398 393 certamen
1429 368 1507 392 cer·
1528 367 1564 398 15

1559 483 1567 578 ’ς’
1584 520 1587 527 .

1561 595 1565 607 ἱ

1562 612 1567 650 ¹.

1404 427 1508 458 nltur

81 499 152 532 400
170 483 274 522 sisne
294 497 421 522 necne
442 491 483 522 ut
505 497 590 522 esse
609 491 776 534 oportet,
799 485 927 533 malu',
951 485 1080 523 bonus
1101 483 1258 534 quoiuis
1279 484 1400 532 modi,
1426 470 1455 549 ᾗ(

169 549 293 587 iustus
314 548 492 595 iniustus,
517 548 710 602 malignus
731 540 1278 598 largfisjbomincommodus.
1419 548 1441 595 V

168 627 266 652 caue
286 613 337 652 sis
358 621 396 652 te
417 627 599 663 superare
620 627 776 652 seruom
798 613 1090 668 sirislfaciundo
1111 615 1224 653 bene.

167 686 255 717 utut
275 678 360 725 eris,
384 692 540 725 moneo,
564 681 641 717 hau
662 669 852 717 celabisl
879 680 949 717 sed
971 692 1085 718 eccos
1106 680 1226 718 uideo
1246 679 1430 720 incedere

168 751 318 795 patrem
349 743 494 783 sodalis
525 751 562 782 et
592 743 831 794 magistrum.
892 743 986 782 hinc
1013 746 1246 784 auscultabo
1276 759 1395 796 quam
1423 760 1505 784 rem
1528 757 1578 784 20⁴

1377 819 1504 861 agant.

238 980 420 1017 Lvnvs
532 980 904 1017 PHILOXENVS
1019 981 1437 1018 MNESILOCHVS
1524 980 1566 1017 iii

78 1075 145 1111 405
168 1068 238 1105 Lv.
272 1068 392 1105 Nunc
412 1066 586 1115 experiar
607 1066 708 1105 sitne
728 1074 841 1105 aceto
862 1067 933 1105 tibi
954 1081 1021 1106 cor
1041 1082 1128 1106 acre
1150 1068 1189 1106 in
1210 1076 1379 1118 pectore.
1401 1102 1404 1105 ,

168 1145 342 1182 sequere.
409 1133 483 1170 PH.
517 1144 598 1182 quo
628 1134 797 1182 sequar?
826 1145 906 1182 quo
927 1133 1039 1172 ducis
1061 1147 1167 1172 nunc
1188 1136 1284 1172 me?
1352 1135 1422 1172 Lv.
1453 1135 1504 1173 ad

1145 1198 1250 1237 illam
1272 1212 1373 1249 quae
1394 1206 1504 1238 tuom

168 1262 349 1314 perdidit,
372 1275 531 1313 pessum
553 1262 664 1301 dedit
684 1261 755 1300 tibi
777 1262 899 1301 filium
921 1263 1038 1302 unice
1059 1263 1231 1302 unicum.

170 1330 243 1366 PH.
276 1328 376 1375 heia,
400 1329 522 1378 Lyde,
547 1327 685 1366 leniter
706 1327 773 1377 qui
795 1328 976 1366 saeuiunt
997 1329 1154 1379 sapiunt
1175 1329 1307 1379 magis.

168 1394 290 1432 minu'
312 1394 572 1433 mirandumst
595 1393 707 1431 illaec
728 1401 835 1431 aetas
857 1393 888 1432 si
909 1394 1005 1443 quid
1026 1394 1180 1432 illorum
1203 1394 1294 1432 facit
1525 1408 1541 1438 5

77 1474 147 1507 410
167 1472 285 1509 quam
308 1459 339 1497 si
360 1473 441 1497 non
462 1459 587 1497 faciat.
649 1458 723 1498 feci
746 1471 819 1509 ego
840 1458 960 1497 istaec
980 1459 1118 1497 itidem
1140 1459 1178 1496 in
1199 1459 1478 1498 adulescentia.

168 1525 237 1561 Lv.
270 1524 305 1562 ei
327 1524 436 1572 mihi,
458 1524 492 1563 ei
515 1524 623 1571 mihi,
648 1524 768 1562 istaec
791 1523 899 1561 illum
921 1523 1092 1573 perdidit
1112 1523 1345 1561 adsentatio.

166 1602 257 1626 nam
278 1602 428 1639 apsque
448 1589 486 1628 te
508 1597 621 1635 esset,
642 1601 715 1638 ego
732 1588 841 1626 illum
861 1588 1046 1626 haberem
1064 1595 1214 1626 rectum
1232 1589 1281 1626 ad
1299 1588 1500 1638 ingenium

1324 1654 1475 1692 bonum
1492 1669 1499 1693 :

164 1733 270 1758 nunc
291 1728 450 1771 propter
469 1728 507 1759 te
528 1728 717 1770 tuamque
738 1733 881 1771 prauos
902 1720 1027 1758 factus
1048 1727 1106 1757 est
1127 1718 1313 1758 fiduciam

165 1785 412 1824 Pistoclerus.
487 1787 574 1823 MN.
618 1785 659 1824 di
695 1785 938 1832 inmortales,
967 1797 1100 1823 meum
1131 1786 1308 1823 sodalem
1339 1784 1402 1822 hic
1432 1798 1498 1822 no·
1521 1798 1559 1820 10

1362 1850 1497 1888 minat.

75 1929 141 1965 415
164 1915 259 1964 quid
281 1917 357 1954 hoc
378 1917 509 1966 negoti
527 1924 585 1955 est
608 1916 866 1956 Pistoclerum
890 1919 1024 1968 Lydus
1041 1917 1151 1967 quod
1168 1929 1276 1954 erum
1298 1922 1377 1953 tam
1395 1915 1500 1955 ciet?

166 1982 239 2018 PH.
272 1982 495 2032 paullisper,
512 1983 633 2032 Lyde,
653 1990 711 2021 est
732 1982 870 2022 lubido
887 1983 1038 2022 homini
1062 1996 1134 2020 suo
1154 1981 1289 2020 animo
1310 1981 1473 2031 opsequi
1491 1996 1500 2027 3

164 2044 241 2083 iam
254 2046 378 2084 aderit
394 2054 550 2097 tempus
564 2060 686 2097 quom
701 2060 786 2085 sese
800 2047 918 2086 etiam
934 2047 1016 2098 ipse
1031 2047 1169 2086 oderit.
1203 2059 1353 2084 morem
1370 2059 1479 2095 geras
1488 2061 1498 2092 3

206 2159 269 2190 397
284 2151 364 2189 sort.
394 2151 474 2182 boni
502 2151 687 2182 laudabunt
776 2152 865 2183 hunc
890 2152 997 2184 Ald.:
1034 2153 1098 2183 hoc
1124 2152 1188 2183 cod.
1335 2151 1398 2190 398
1423 2160 1497 2180 cum

162 2192 237 2224 Ital.
257 2205 264 2224 ε
288 2204 364 2225 eum
381 2194 446 2226 cod.
535 2204 677 2234 aequom
695 2194 798 2226 Bothe
815 2208 822 2227 ε
847 2206 888 2227 ea
905 2206 979 2227 cum
997 2196 1062 2227 cod.
1185 2205 1251 2234 399
1276 2205 1344 2225 nun
1363 2204 1412 2224 ce.
1427 2193 1494 2225 cod.

162 2247 228 2275 400
251 2239 384 2277 quoiuis
401 2237 530 2269 Luchs:
555 2249 621 2278 qua
638 2239 732 2269 cuius
748 2238 815 2271 cod.
920 2251 982 2279 401
1009 2240 1116 2271 cornis
1133 2239 1362 2270 incommodus
1379 2237 1500 2278 Bugge

161 2291 225 2320 402
251 2291 362 2312 serum
380 2282 444 2313 cod.
467 2282 542 2322 (z'.e.
567 2282 676 2321 -uum)
825 2293 888 2323 404
914 2284 1054 2323 displicet
1078 2288 1218 2323 patrem.
1268 2282 1327 2312 An
1339 2282 1498 2312 iambicus

159 2334 270 2355 versus
286 2325 355 2356 est?
496 2335 559 2364 405
584 2326 746 2365 experior
772 2327 804 2357 B
892 2332 988 2358 aceto
1019 2328 1228 2357 Lambinus:
1264 2331 1394 2356 acetum
1427 2325 1491 2355 cod.

160 2367 195 2405 (i.
219 2368 254 2409 3)
344 2379 408 2408 407
433 2369 532 2399 unice
550 2369 674 2400 Bothe:
698 2370 755 2399 uni
772 2369 837 2402 cod.
929 2370 1082 2410 417sort.
1101 2382 1131 2410 q.
1148 2381 1177 2401 e.
1196 2370 1288 2408 ipsus
1305 2379 1395 2407 sese,
1413 2379 1494 2400 nam

158 2416 186 2441 et
191 2412 312 2450 forma
330 2412 401 2453 ipse
419 2416 447 2443 et
462 2412 621 2444 collocatio
632 2418 730 2454 pron.
752 2413 894 2452 reflexivi
907 2413 1071 2455 displicent
