1727 2712
636 128 984 168 AMPHITRVO
1433 125 1463 162 1.
1484 123 1500 162 i

132 254 251 297 atque
272 245 363 283 hinc
384 243 518 295 fugias,
542 242 594 282 ita
615 242 679 281 uix
699 241 844 292 poteris
865 242 1044 290 ecfugere
1065 237 1333 277 infortunium.

134 314 198 351 So.
233 324 367 349 nonne
388 324 476 348 erae
497 323 608 348 meae
629 307 809 346 nuntiare
829 307 939 357 quod
961 319 1048 344 erus
1070 305 1172 343 meu'
1193 303 1304 342 iussit
1324 302 1444 340 licet?
1488 315 1552 348 300

136 378 220 414 ΜΕ.
254 383 344 414 tuae
378 375 410 413 si
442 374 538 425 quid
571 373 630 412 uis
662 372 842 411 nuntiare
860 387 867 410 :
909 372 1012 409 hanc
1044 377 1218 409 nostram
1248 367 1357 407 adire
1386 381 1467 405 non

1327 433 1465 471 sinam.

134 521 225 545 nam
248 506 277 545 si
300 520 363 545 me
384 505 585 552 inritassis,
606 503 726 543 hodie
747 501 1039 552 lumbifragium
1060 500 1153 539 hinc
1174 501 1335 538 auferes.

46 582 113 618 455
135 574 199 611 So.
232 572 333 610 abeo
354 571 495 621 potius.
555 569 595 608 di
616 569 855 615 inmortales,
879 581 1045 618 opsecro
1066 573 1239 604 uostram
1261 565 1392 610 fidem,

134 637 201 676 ubi
216 651 289 687 ego
303 636 398 687 perii
413 639 428 674 ?
457 636 525 675 ubi
543 635 772 673 immutatus
789 647 875 672 sum
890 635 907 671 ?
933 632 1001 671 ubi
1015 645 1088 682 ego
1102 633 1268 670 formam
1286 628 1437 680 perdidi
1453 629 1469 666 ?

133 716 183 740 an
205 709 361 752 egomet
383 714 446 739 me
466 700 544 739 illic
566 699 715 750 reliqui,
739 699 769 737 si
791 700 890 737 forte
911 697 1057 736 oblitus
1078 696 1163 734 fui?
1489 704 1550 735 305

134 768 225 806 nam
266 766 495 817 hicquidem
531 779 692 805 omnem
732 764 945 815 imaginem
981 776 1121 808 meam,
1159 775 1261 812 quae
1299 761 1467 798 antehac

1120 828 1254 873 fuerat,
1278 825 1465 876 possidet.

133 896 228 936 uiuo
248 897 291 935 fit
312 897 420 947 quod
442 909 659 946 numquam
681 894 891 945 quisquam
914 900 1070 931 mortuo
1091 891 1207 930 faciet
1228 890 1335 929 mihi.

46 967 116 1006 460
134 961 201 1000 ibo
221 963 271 1000 ad
293 970 449 1012 portum
470 969 589 1010 atque
610 962 707 999 haec
728 960 784 998 uti
805 966 897 998 sunt
918 960 1020 997 facta
1040 971 1107 996 ero
1127 956 1258 996 dicam
1280 969 1369 994 meo
1387 970 1395 1002 3

133 1027 207 1066 nisi
228 1027 346 1066 etiarn
368 1027 399 1065 is
421 1040 580 1076 quoque
602 1039 664 1064 me
685 1024 904 1076 ignorabit:
935 1024 1044 1074 quod
1066 1023 1130 1061 ille
1150 1021 1243 1060 faxit
1266 1020 1454 1071 Iuppiter,

132 1100 175 1131 ut
196 1106 268 1142 ego
290 1092 409 1131 hodie
430 1105 517 1130 raso
537 1090 666 1142 capite
687 1092 820 1129 caluos
845 1089 998 1140 capiam
1020 1088 1193 1139 pilleum.
1488 1096 1550 1127 310

630 1203 672 1239 M
688 1213 713 1239 E
728 1213 752 1238 R
766 1213 789 1239 c
804 1213 827 1238 v
843 1213 868 1238 R
883 1213 894 1238 1
910 1212 934 1237 v
949 1212 967 1238 s
1484 1192 1514 1231 ii

136 1287 219 1323 ME.
254 1286 361 1323 Bene
382 1281 681 1336 prospere[que]
703 1284 779 1322 hoc
800 1281 920 1321 hodie
941 1280 1069 1332 operis
1090 1278 1280 1331 processit
1301 1277 1396 1317 mihi
1413 1291 1420 1316 ε

133 1349 265 1387 amoui
287 1363 310 1387 a
330 1349 478 1387 foribus
500 1361 724 1386 maxumam
747 1346 982 1393 molestiam,

47 1419 113 1463 465
135 1414 233 1464 patri
254 1421 296 1452 ut
317 1413 449 1452 liceret
471 1421 556 1451 tuto
578 1412 682 1450 illam
704 1411 970 1462 amplexarier.

134 1479 212 1517 iam
234 1479 297 1517 ille
317 1478 409 1516 illuc
429 1479 480 1516 ad
502 1491 611 1516 erum
633 1490 754 1527 quom
776 1476 1110 1527 Amphitruonem
1131 1473 1347 1521 aduenerit,

134 1543 305 1583 narrabit
326 1557 482 1582 seruom
504 1543 596 1581 hinc
618 1556 703 1581 sese
723 1556 746 1580 a
766 1542 915 1580 foribus
937 1541 1090 1580 Sosiam
1489 1553 1507 1585 5

132 1609 330 1648 amouisse
347 1624 355 1656 ;
385 1609 448 1648 ille
468 1610 570 1648 adeo
591 1608 699 1646 illum
722 1607 877 1646 mentiri
899 1606 973 1646 sibi

133 1677 277 1723 credet,
300 1689 430 1725 neque
451 1676 585 1714 credet
606 1675 683 1712 huc
704 1674 935 1724 profectum,
959 1680 1001 1710 ut
1021 1672 1196 1711 iusserat.

47 1751 116 1785 470
133 1741 271 1780 erroris
291 1741 411 1779 ambo
432 1753 505 1791 ego
526 1740 613 1778 illos
635 1747 672 1778 et
692 1737 917 1778 dementiae

133 1806 346 1857 complebo
366 1813 485 1855 atque
506 1803 809 1855 Amphitruonis
830 1817 990 1842 omnem
1012 1801 1211 1849 familiam,

133 1873 236 1910 adeo
257 1884 381 1921 usque
402 1870 623 1909 satietatem
644 1871 741 1909 dum
762 1868 891 1920 capiet
911 1876 1022 1919 pater
1488 1872 1528 1897 10

135 1936 237 1974 illius
258 1936 377 1986 quam
398 1943 514 1974 amat.
574 1934 690 1985 igitur
710 1935 872 1973 demum
895 1947 1034 1972 omnes
1054 1931 1180 1972 scient

136 2015 237 2052 quae
258 2003 370 2040 facta.
430 2000 604 2050 denique
626 2002 889 2039 Alcumenam
912 1998 1091 2049 Iuppiter

49 2075 115 2112 475
136 2066 285 2116 rediget
304 2066 508 2117 antiquam
530 2065 687 2116 coniugi
708 2065 748 2103 in
769 2064 1035 2104 concordiam.

136 2146 228 2170 nam
249 2132 489 2182 Amphitruo
508 2139 686 2170 actutum
707 2131 816 2170 uxori
837 2131 970 2169 turbas
991 2129 1147 2168 conciet

134 2204 253 2246 atque
274 2196 517 2234 insimulabit
538 2210 623 2234 eam
646 2195 776 2246 probri
798 2210 806 2242 ;
835 2203 918 2233 tum
941 2196 1042 2233 meu'
1063 2202 1173 2244 pater
1490 2200 1527 2233 15

180 2297 241 2335 461
268 2296 348 2326 faxit
369 2294 505 2325 Servius
521 2294 568 2325 ad
582 2294 667 2325 Aen.
686 2295 716 2333 8,
731 2295 794 2334 564
812 2305 819 2324 z
844 2293 944 2324 faciat
960 2293 1028 2324 cod.
1052 2294 1087 2332 (Ni.
1108 2293 1142 2332 7)
1313 2293 1377 2330 463
1401 2301 1468 2330 que

137 2338 195 2370 del.
215 2339 394 2369 Acidalius
526 2348 586 2377 471
612 2337 688 2369 Am.
708 2349 773 2369 om.
798 2337 998 2368 Fleckeisen:
1024 2347 1088 2366 om.
1116 2346 1178 2366 am.
1205 2335 1270 2366 cod.
1405 2344 1468 2373 475

138 2384 226 2413 coni.
255 2383 288 2413 in
314 2393 407 2414 conc.
432 2381 671 2413 Lindemann:
697 2381 730 2412 in
755 2391 850 2413 conc.
878 2381 1032 2420 coniugis
1056 2379 1121 2410 cod.
1265 2388 1327 2418 477
1353 2377 1469 2418 probri

139 2430 210 2457 tum
228 2426 357 2457 Merula
375 2437 382 2456 z
406 2426 579 2466 probrium
595 2425 665 2457 cod.
