1727 2702
90 122 203 160 III.i
609 126 655 163 T.
690 126 869 165 MACCI
903 126 1104 164 PLAVTI

188 244 317 281 neque
340 232 629 272 ieiuniosiorem
651 247 780 285 neque
803 234 925 284 magis
945 235 1132 272 ecfertum
1155 234 1257 271 farne

187 296 268 336 uidi
291 311 364 336 nec
385 298 477 348 quoi
501 299 620 337 minu'
641 301 829 350 procedat
851 299 1045 349 quidquid
1067 300 1193 337 facere
1214 296 1421 349 occeperit,

189 361 360 418 ita[que]
381 372 518 403 uenter
536 371 747 415 gutturque
769 366 940 405 resident
961 365 1155 406 essurialis
1176 366 1298 405 ferias.

187 426 290 465 ilicet
311 427 539 477 parasiticae
559 427 630 466 arti
653 442 876 467 maxumam
899 430 1040 466 malam
1063 442 1231 475 crucem,

127 508 167 529 10
187 490 237 528 ita
256 491 439 531 iuuentus
460 492 538 530 iam
560 492 746 532 ridiculos
767 493 986 544 inopesque
1007 493 1057 532 ab
1079 506 1120 531 se
1141 498 1326 542 segregat.
1539 503 1611 538 470

186 556 239 594 nil
261 564 461 595 morantur
482 556 559 594 iam
583 558 762 596 Lacones
782 556 1014 595 unisubselli
1035 555 1151 603 uiros,

186 622 456 673 plagipatida5‚
479 622 614 673 quibu’
636 630 726 661 sunt
747 622 868 661 uerba
888 621 972 660 sine
993 635 1097 672 penu
1118 629 1155 660 et
1177 621 1368 672 pecunia:

186 701 254 726 cos
275 688 476 738 requirunt
497 687 564 738 qui
586 688 776 734 lubenter,
801 701 922 738 quom
945 687 1108 734 ederint,
1132 688 1299 726 reddant
1319 687 1428 727 domi
1445 703 1454 736 ;

186 752 257 803 ipsi
280 761 488 804 opsonant‚
511 767 612 804 quae
633 753 890 804 parasitorum
911 761 1003 791 ante
1024 760 1104 791 erat
1125 752 1339 803 prouincia,

129 831 165 863 15
186 817 256 868 ipsi
279 819 329 857 de
350 819 434 857 foro
455 826 534 857 tam
555 826 692 869 aperto
712 818 840 868 capite
859 819 910 857 ad
932 819 1094 857 lenones
1115 826 1210 856 eunt
1537 822 1605 860 475

185 897 303 933 quam
326 884 364 921 in
386 883 488 923 tribu
510 892 642 923 sontes
663 892 799 935 aperto
819 883 947 934 capite
968 885 1236 922 condemnant
1257 897 1343 923 reos
1359 899 1367 931 ;

184 962 313 999 neque
334 949 520 988 ridiculos
541 949 617 988 iam
639 949 807 988 terrunci
829 949 986 996 faciunt,
1011 962 1094 988 sese
1115 963 1254 988 omnes
1274 957 1419 988 amant.

184 1014 273 1051 nzim
297 1013 351 1051 uti
373 1015 526 1053 dudum
549 1014 640 1053 hinc
661 1014 751 1061 abii,
774 1014 921 1053 accessi
941 1015 991 1053 ad
1012 1015 1286 1053 adulescentes
1308 1013 1345 1052 in
1367 1015 1462 1053 foro.

188 1080 366 1118 ‘saluete'
384 1079 557 1129 inquam.
608 1083 707 1130 ‘quo
728 1079 829 1118 imus
846 1080 962 1118 una?'
984 1080 1144 1129 inquam
1166 1094 1172 1117 :
1204 1077 1272 1131 [ad
1289 1077 1517 1132 prandium]

1163 1145 1281 1195 atque
1302 1144 1355 1183 illi
1377 1152 1518 1184 tacent.

127 1225 166 1247 20
185 1212 194 1229 ‘
209 1209 296 1259 quis
322 1209 374 1248 ait
395 1213 419 1230 “
434 1212 509 1249 hoc
524 1211 542 1227 '³
562 1217 629 1249 aut
655 1210 742 1261 quis
769 1211 1021 1261 profitetur?’
1051 1209 1223 1261 inquam.
1282 1209 1393 1260 quasi
1421 1209 1517 1248 muti
1536 1212 1607 1253 480

1391 1274 1516 1322 silent,

185 1354 314 1391 neque
354 1355 415 1380 me
454 1340 592 1381 rident.
656 1340 745 1380 ‘ubi
784 1353 972 1379 cenamus
988 1342 1004 1380 ?
1019 1342 1028 1359 '
1066 1340 1239 1391 inquam.
1307 1341 1425 1390 atque
1463 1339 1517 1378 illi

1325 1406 1514 1444 abnuonL

183 1472 273 1510 dico
295 1485 417 1509 unum
440 1471 647 1510 ridiculum
669 1470 818 1509 dictum
841 1472 891 1510 de
911 1470 1026 1510 dictis
1048 1471 1286 1518 melioribus,

183 1537 317 1587 quibu'
339 1537 514 1576 solebam
538 1535 784 1575 menstrualis
805 1537 939 1586 epulas
959 1544 1051 1575 ante
1071 1536 1301 1587 adipiscier:

184 1616 302 1641 nemo
323 1602 422 1642 ridet
438 1617 448 1651 3
476 1602 572 1641 sciui
595 1603 792 1652 extemplo
814 1615 894 1640 rem
916 1603 966 1641 de
987 1610 1196 1652 compecto
1216 1602 1294 1652 geri
1311 1616 1320 1649 ;

125 1682 162 1713 ²5
184 1682 233 1706 ne
254 1681 390 1706 canem
413 1667 573 1718 quidem
597 1667 781 1706 irritatam
803 1666 928 1705 uoluit
948 1667 1156 1717 quisquam
1178 1666 1370 1713 imitarier,
1535 1670 1600 1714 485

183 1735 333 1780 saltem,
356 1733 386 1771 si
408 1747 487 1772 non
509 1732 743 1780 adriderent,
766 1733 906 1771 dentes
927 1740 969 1771 ut
989 1732 1271 1782 restringerent.

182 1799 284 1837 abeo
303 1799 354 1836 ab
375 1798 460 1845 illis,
483 1806 692 1848 postquam
714 1797 833 1837 uideo
855 1811 918 1836 me
938 1797 992 1836 sic
1014 1797 1270 1845 ludificarier3

184 1877 302 1913 pergo
322 1864 373 1902 ad
393 1863 500 1910 alios,
525 1863 642 1901 uenio
663 1864 713 1901 ad
734 1863 841 1910 aliOS,
864 1862 1010 1902 deinde
1030 1864 1080 1902 ad
1100 1863 1220 1901 alios:
1251 1876 1328 1901 una
1350 1865 1432 1901 res!

183 1941 322 1966 omnes
342 1927 427 1979 (de)
446 1936 655 1978 compecto
676 1928 756 1966 rem
777 1936 908 1978 agunt,
932 1927 1041 1978 quasi
1064 1928 1102 1966 in
1124 1928 1295 1966 Velabro
1315 1924 1459 1967 olearii.

125 2010 166 2041 30
185 2007 290 2032 nunc
311 1995 429 2032 redeo
450 1993 553 2040 inde,
577 1994 763 2043 quoniam
788 1993 849 2032 me'
870 1993 922 2031 ibi
945 1993 1063 2032 uideo
1084 1993 1327 2032 ludificarier.
1535 2000 1605 2034 490

185 2059 275 2097 item
298 2059 359 2097 alii
384 2059 538 2109 parasiti
562 2061 699 2097 frustra
719 2059 1031 2097 obambulabant
1052 2058 1090 2097 in
1113 2060 1207 2098 foro.

185 2138 289 2163 nunc
311 2124 512 2163 barbarica
533 2126 617 2174 lege
638 2132 825 2163 certumst
847 2124 905 2163 ius
927 2138 1058 2163 meum
1080 2138 1199 2163 omne
1220 2123 1424 2174 persequi:

227 2230 288 2267 467
315 2229 368 2268 qui
387 2228 452 2259 cod.
564 2229 626 2267 468
652 2228 695 2258 ita
715 2227 849 2266 Pylades
954 2238 1017 2266 470
1040 2238 1077 2258 se
1096 2228 1325 2259 Camerarius:
1351 2238 1428 2259 sese
1444 2227 1511 2259 cod.

184 2274 258 2312 (seq.
280 2275 348 2303 sc&
483 2274 546 2311 476
571 2273 601 2302 in
626 2272 711 2302 tribu
733 2281 829 2310 quam
854 2282 906 2311 ap.
928 2272 1106 2312 Niemeyer.
1122 2282 1187 2311 quo
1207 2273 1315 2312 magis
1335 2271 1513 2302 resonabis

183 2327 294 2347 versus
306 2317 412 2357 priori
492 2321 611 2354 aperto
625 2316 734 2355 capite
751 2321 868 2346 sontes
880 2315 962 2346 ‹·‹)d.z
986 2316 1057 2346 lrm‘.
1078 2315 1161 2346 Brix
1176 2315 1211 2354 (i,
1232 2325 1253 2354 p
1279 2317 1334 2354 37)
1449 2316 1512 2353 478

185 2370 258 2390 nam
276 2359 384 2401 (rgo)
402 2365 435 2389 ut
465 2361 510 2388 ita
531 2358 613 2396 rod.)
632 2358 734 2389 Bollw
866 2369 929 2398 479
953 2360 993 2390 ad
1016 2359 1192 2398 prandium
1213 2358 1312 2390 delevi
1328 2359 1383 2399 giv,
1405 2369 1434 2398 p.
1456 2360 1512 2398 79)

183 2405 246 2443 489
271 2406 311 2434 dc
328 2403 401 2433 add.
424 2403 594 2433 Flcckciscn
