1727 2702
148 107 201 144 ΙΙ.
225 107 270 144 iii
640 108 686 144 T.
721 107 900 147 MACCI
934 107 1136 146 PLAVTI

226 218 296 254 LA.
329 216 359 255 is
381 216 513 267 ipsust.
575 218 658 255 ΜΕ.
690 217 768 256 eho
788 224 840 264 tu,
864 230 982 267 quam
1005 230 1076 256 uos
1096 216 1210 267 igitur
1230 216 1350 257 filiam

161 285 206 318 60
225 295 330 320 nunc
351 281 577 332 quaeritatis
596 283 757 320 alteram
774 283 791 319 Ρ
848 283 918 320 LA.
950 294 1024 332 ego
1043 281 1197 321 deicam
1219 281 1289 320 tibi
1306 297 1313 321 :

224 360 304 384 non
325 360 373 385 ex
392 359 512 385 uxore
532 354 676 393 natam,
700 345 829 385 uxoris
851 345 980 384 filiam.

225 412 308 449 ΜΕ.
340 411 437 461 quid
458 411 557 450 istuc
577 419 636 450 est
657 410 799 450 uerbi?
856 412 926 449 LA.
959 410 1006 450 ex
1026 410 1152 462 priore
1174 410 1335 450 muliere

223 483 325 523 nata,
348 475 522 526 inquam,
545 489 636 515 meo
655 489 722 514 ero
741 483 799 515 est
820 475 909 514 filia.
970 477 1053 514 ΜΕ.
1086 484 1189 514 certe
1210 476 1332 515 modo

223 541 349 589 huius,
372 555 474 592 quae
494 543 626 581 locuta
645 549 714 588 est,
737 554 922 592 quaerere
942 540 1052 580 aibas
1072 540 1202 579 filiam.

160 607 201 647 65
224 607 294 643 LA.
327 606 443 644 huius
463 620 555 657 ergo
575 619 731 657 quaero.
792 607 876 644 ΜΕ.
908 618 989 656 quo
1010 605 1132 644 modo
1152 604 1275 655 igitur,
1298 618 1473 655 opsecro,

223 671 320 709 haec
341 678 398 709 est
419 671 523 721 prior
542 684 644 721 quae
665 677 788 720 nupta
808 683 914 709 nunc
934 671 1022 708 est?
1079 671 1149 708 LA.
1181 669 1350 708 conteris

223 743 263 773 tu
285 742 351 774 tua
373 749 434 774 nie
455 735 646 783 oratione,
666 735 817 783 mulier,
837 734 1014 786 quisquis
1034 748 1086 774 es.

223 800 516 840 medioxumam
538 814 656 851 quam
678 800 788 839 duxit
808 799 981 847 uxorem,
1003 813 1050 839 ex
1070 813 1117 839 ea

223 873 313 904 nata
333 874 391 904 est
413 867 510 904 haec
531 865 641 915 uirgo
662 865 958 904 Alcesimarcho
978 878 1079 916 quae
1099 866 1224 904 datur.

159 941 204 976 70
223 943 269 969 ea
289 931 385 969 uxor
405 930 511 969 diem
533 930 641 969 obiit.
700 930 777 968 iarn
798 930 902 969 scis?
960 932 1044 969 ME.
1076 938 1193 969 teneo
1213 929 1313 968 istuc
1333 928 1435 968 satis.

222 996 293 1034 sed
312 1009 385 1046 ego
406 995 503 1034 illud
523 1009 670 1046 quaero
691 997 978 1046 confragosum,
1001 1009 1081 1046 quo
1102 996 1223 1034 modo

221 1060 325 1110 prior
345 1060 536 1111 posterior
556 1060 603 1099 sit
624 1068 662 1099 et
682 1060 874 1111 posterior
893 1060 942 1099 sit
963 1060 1094 1110 prior?

223 1126 294 1163 LA.
326 1125 432 1176 prius
453 1127 555 1164 hanc
576 1125 807 1175 compressit
828 1138 947 1176 quam
969 1139 1128 1164 uxorem
1150 1124 1261 1164 duxit
1280 1125 1457 1172 domum,

222 1190 319 1240 priu’
339 1190 500 1241 grauida
521 1191 622 1229 facta
643 1198 701 1228 est
723 1189 899 1240 priu’que
920 1189 1070 1241 peperit
1092 1189 1210 1228 filiam
1230 1204 1239 1237 ;

162 1266 201 1301 75
223 1269 309 1293 cani
331 1255 541 1306 postquam
563 1254 723 1306 peperit,
746 1254 857 1294 iussit
877 1269 1038 1306 paruam
1061 1254 1206 1306 proici:

222 1334 295 1371 ego
316 1334 403 1359 eam
425 1319 582 1371 proieci.
642 1319 718 1358 alia
739 1319 878 1359 mulier
898 1320 1063 1359 sustulit.

221 1399 294 1436 ego
315 1385 543 1436 inspectaui.
603 1386 690 1424 e'rus
711 1386 813 1424 hanc
834 1385 944 1425 duxit
965 1385 1120 1436 postibi.

221 1464 307 1489 earn
330 1452 435 1490 nunc
456 1453 627 1502 puellam
649 1452 767 1490 filiam
789 1451 887 1491 eiius
907 1452 1140 1503 quaerimus.

221 1516 317 1566 quid
339 1530 444 1555 nunc
465 1516 605 1567 supina
626 1530 760 1556 susum
783 1519 934 1556 caelum
957 1517 1182 1568 conspicis?

161 1587 201 1616 80
223 1583 306 1620 ΜΕ.
339 1581 349 1619 i
371 1581 555 1620 nunciam
579 1581 678 1620 istuc
699 1595 780 1632 quo
802 1583 1048 1633 properabas,
1072 1582 1125 1621 nil
1148 1595 1288 1623 moror.

221 1660 327 1684 nunc
348 1646 529 1685 intellexi.
592 1648 661 1684 LA.
694 1646 756 1685 dis
776 1647 907 1685 hercle
929 1648 1058 1686 habeo
1077 1647 1251 1698 gratiam,

221 1725 312 1750 narn
335 1711 372 1749 ni
396 1711 608 1759 intellexes‚
635 1725 864 1762 numquam,
888 1713 1018 1759 credo,
1040 1713 1305 1752 amitteres.—

224 1778 306 1815 ΜΕ.
338 1790 444 1815 nunc
466 1776 560 1814 mihi
584 1777 712 1816 bonae
734 1785 935 1816 necessust
956 1791 1041 1816 esse
1062 1777 1244 1828 ingratiis,

221 1855 462 1891 quamquam
483 1855 568 1879 esse
591 1843 694 1880 nolo.
756 1856 836 1880 reni
859 1843 987 1893 palam
1009 1856 1093 1881 esse
1114 1842 1321 1893 intellego:

161 1909 199 1950 85
221 1920 327 1944 nunc
347 1914 501 1956 egomet
524 1906 653 1955 potius
676 1907 777 1945 banc
799 1906 908 1946 inibo
927 1906 1089 1958 gratiam

220 1971 270 2009 ab
292 1970 364 2008 illis
385 1984 503 2021 quam
528 1971 637 2010 illaec
662 1985 723 2010 nie
746 1971 902 2011 indicet.
962 1971 1029 2011 ibo
1049 1973 1226 2017 domum,

219 2043 337 2086 atque
357 2036 408 2074 acl
430 2044 610 2086 parentes
633 2037 847 2075 redducam
869 2036 1136 2075 Selenium—-

263 2141 325 2170 602
350 2140 399 2170 vel
414 2140 506 2180 ipsus
527 2139 607 2181 [est]
700 2142 764 2179 605
790 2141 902 2171 uerbis
918 2139 982 2171 cod.
1099 2140 1165 2171 606
1190 2139 1255 2170 filia
1273 2143 1324 2170 cst
1341 2137 1551 2170 Camerarius

221 2188 313 2213 certe
337 2182 569 2214 Camrrarius:
602 2189 695 2214 certo
718 2183 781 2214 cml.
800 2188 910 2214 contra
930 2193 1055 2214 morem
1073 2182 1271 2213 Plautinum
1395 2183 1460 2212 608
1484 2191 1550 2254 ggo

1507 2234 1550 2254 20

221 2270 315 2300 duxit
341 2280 421 2301 erus
447 2271 533 2302 hanc
560 2269 688 2301 Schoell
789 2271 853 2309 623
879 2270 917 2301 Ei
935 2269 1000 2301 cod.
1021 2271 1172 2312 (antiqua
1179 2270 1312 2310 forma)
1415 2268 1480 2299 626
1502 2266 1553 2298 vel

219 2226 284 2257 cod.
306 2230 342 2256 ut
357 2226 420 2258 vid.
544 2228 609 2266 615
633 2233 666 2257 ct
695 2227 752 2257 del.
782 2225 911 2257 Merula
1029 2229 1094 2266 6ι9
1117 2227 1228 2257 aliena
1252 2225 1378 2256 Scltoell

222 2319 434 2346 necessumst
569 2315 635 2354 630
657 2314 782 2345 reduco
799 2313 832 2344 B

1567 1062 1636 1107 615

1568 1389 1641 1424 620

1568 1714 1637 1759 625

1567 2040 1638 2083 630
