1727 2702
145 107 193 145 V.
214 108 243 145 ii
630 111 677 148 T.
712 110 892 149 MACCI
924 112 1128 149 PLAVTI

155 231 194 262 25
215 225 326 257 estne
347 218 425 257 illic
446 219 673 259 Charinus?
729 221 809 260 CH.
840 219 959 268 ciues,
982 221 1085 260 bene
1106 222 1244 260 ualete.
1306 224 1378 261 Ev.
1410 222 1502 262 ssico

214 291 284 331 sta,
318 283 500 324 Charine.
578 286 656 324 (ΣΗ.
693 283 761 335 qui
799 297 863 323 me
900 287 1091 324 reuocat?
1166 287 1238 324 Ev.
1275 287 1385 337 Spes,
1419 287 1543 335 Salus,

1357 350 1543 390 Victoria.

213 414 291 454 Cu.
323 413 421 465 quid
442 428 506 454 me
525 414 672 454 uoltis?
728 417 800 454 EV.
832 415 887 454 ire
907 422 1049 455 tecum.
1110 417 1188 456 (ΣΗ.
1217 415 1338 455 alium
1357 416 1545 456 comitem

1357 482 1544 534 quaerite,

213 558 293 583 non
313 545 500 584 amittunt
520 545 559 584 hi
581 559 644 585 me
664 546 830 586 comites
850 546 918 598 qui
939 554 1085 587 tenent.
1147 549 1221 587 Ev.
1252 547 1321 598 qui
1342 555 1434 587 sunt
1453 547 1519 587 ei?

212 611 290 650 (ΣΗ.
322 624 425 657 cura,
449 611 614 659 miseria,
635 612 852 662 aegritudo,
874 614 1082 660 lacrumae,
1104 612 1344 652 lamentatio.
1562 616 1632 660 870

151 688 192 719 30
212 677 285 714 EV.
317 676 481 727 repudia
500 676 595 715 istos
615 677 781 716 comites
801 685 920 728 atque
941 679 1018 717 huc
1038 677 1190 729 respice
1211 685 1250 717 et
1270 686 1479 718 reuortere.

211 741 289 780 CH.
322 740 518 792 siquidem
551 754 708 780 mecum
746 741 911 781 fabulari
949 742 1021 790 uis,
1056 755 1306 794 supsequere.
1382 745 1454 782 Ev.
1487 751 1546 782 sta

1441 808 1542 848 ilico.

211 872 289 912 CH.
322 873 423 911 rnale
443 871 538 911 facis
559 880 835 924 properantem
856 873 923 924 qui
944 887 1008 912 me
1028 887 1284 913 commorare.
1343 875 1401 913 sol
1421 873 1514 913 abit.

212 938 284 975 Ev.
316 937 347 975 si
369 939 446 976 huc
466 937 561 977 item
581 951 767 989 properes
787 946 830 977 ut
849 937 950 977 istuc
970 952 1166 989 properas,
1189 938 1308 977 facias
1329 938 1471 978 rectius
1489 953 1498 977 ε

212 1003 290 1041 huc
310 1004 509 1042 secundus
530 1011 673 1042 uentus
694 1017 800 1042 nunc
820 1010 903 1052 est3
932 1017 1030 1054 cape
1051 1005 1174 1043 modo
1194 1002 1410 1043 uorsoriam
1427 1018 1435 1042 :
1562 1005 1627 1050 875

149 1080 191 1112 35
211 1067 275 1106 hic
296 1068 478 1107 fauonius
499 1076 690 1117 serenust,
710 1067 796 1107 istic
815 1075 947 1107 auster
966 1068 1154 1107 imbricus
1167 1083 1178 1118 5

210 1133 275 1171 hic
295 1133 386 1172 facit
407 1133 741 1184 tranquillitatem,
763 1133 836 1173 iste
856 1133 985 1173 omnis
1006 1135 1149 1173 fluctus
1170 1133 1335 1173 conciet.

209 1198 338 1257 recipe
360 1206 398 1238 te
416 1200 469 1238 ad
489 1206 642 1247 terram,
665 1199 849 1247 Charine,
872 1200 951 1238 huc
971 1213 1018 1238 ex
1037 1200 1290 1250 aduorsoque
1310 1198 1404 1238 uide
1423 1198 1486 1238 sis.

208 1263 325 1303 nubis
345 1272 427 1302 ater
447 1264 653 1315 imberque
673 1264 999 1316 instat—aspicin
1013 1265 1135 1303 P-——ad
1156 1264 1387 1304 sinisteram.

208 1332 361 1369 caelum
383 1338 425 1370 ut
445 1338 503 1370 est
524 1331 735 1382 splendore
755 1332 917 1382 plenum
939 1344 1073 1369 nonne
1094 1344 1141 1369 ex
1160 1331 1333 1370 aduorso
1354 1330 1496 1369 uides?
1561 1333 1629 1368 880

146 1410 190 1443 40
209 1397 287 1436 (ΣΗ.
319 1396 550 1446 religionem
579 1396 658 1435 illic
676 1393 768 1448 (mi)
786 1395 955 1435 obiecit:
990 1395 1177 1447 recipiam
1207 1409 1272 1434 me
1300 1395 1403 1434 illuc.
1467 1396 1540 1433 Εν.

1426 1458 1540 1511 sapis.

206 1539 231 1566 o
252 1526 434 1574 Charine,
457 1534 595 1566 contra
616 1526 758 1577 pariter
778 1527 834 1565 fer
853 1527 1019 1576 gradum
1040 1533 1079 1564 et
1099 1527 1234 1565 confer
1255 1526 1413 1576 pedem,

205 1605 326 1643 porge
345 1591 586 1631 bracchium.
645 1592 723 1631 (ΣΗ.
758 1591 971 1642 prehende.
1028 1589 1106 1628 iam
1127 1591 1268 1630 tenes?
1316 1591 1389 1629 Ev.
1411 1596 1539 1630 teneo.

1328 1656 1406 1696 CH.
1438 1662 1539 1694 tene.

206 1723 278 1761 Ev.
303 1736 383 1773 quo
403 1736 510 1761 nunc
526 1722 640 1761 ibas?
689 1723 767 1762 CH.
790 1722 1023 1760 exsulatum.
1077 1722 1148 1760 Ev.
1172 1720 1269 1771 quid
1291 1719 1345 1759 ibi
1365 1721 1542 1759 faceres?

1169 1786 1247 1826 (ΣΗ.
1281 1785 1390 1836 quod
1411 1783 1537 1823 miser.

205 1855 277 1892 Ev.
310 1856 368 1892 st!

247 1958 312 1988 866
335 1955 464 1998 (heus)
491 1956 567 1987 ilico
590 1955 714 1986 Bothe:
739 1953 837 1998 (isti)
863 1955 941 1986 ilico
964 1953 1103 1985 Mueller
1124 1954 1257 1991 (erez'n.
1278 1953 1366 1984 Mus.
1384 1963 1437 1993 54,
1457 1953 1538 1995 396)

203 2002 262 2040 871
295 2002 357 2031 hoc
384 2000 448 2031 cod.
479 2001 611 2040 ‘forma
634 2000 787 2039 antiqua)
921 1999 984 2038 874
1010 1998 1060 2029 vel
1081 1999 1145 2029 isto
1277 1998 1342 2037 878
1367 1998 1481 2037 recipe
1505 2001 1539 2028 te

206 2044 441 2075 Camerarius:
475 2044 615 2083 recipite
633 2042 696 2073 cod.
717 2043 752 2082 (i.
771 2042 806 2082 3)
899 2053 942 2073 ex
960 2043 1035 2072 adu.
1055 2041 1119 2081 (vel
1132 2040 1442 2082 cxaduorsumque)
1461 2041 1539 2072 uide

203 2089 252 2119 sis
272 2088 404 2128 scripsi:
430 2097 496 2118 non
512 2098 554 2118 nc
581 2088 650 2126 (me
672 2086 718 2124 Β)
744 2097 787 2117 ex
813 2086 960 2116 aduorso
993 2085 1070 2116 uide
1096 2084 1162 2115 cod.
1197 2085 1245 2124 (ff
1276 2095 1327 2115 vv.
1360 2084 1434 2124 879,
1456 2083 1538 2124 880)

203 2133 268 2172 879
289 2137 361 2163 atra
382 2132 456 2162 Ital.
551 2130 678 2170 aspicin
704 2131 747 2169 (Ζ)
772 2129 858 2160 Leo:
885 2129 998 2168 aspice
1019 2139 1086 2160 non
1109 2128 1214 2169 (PCD)
1236 2127 1286 2159 vel
1301 2128 1449 2168 aspiciae
1470 2138 1537 2158 non

205 2176 265 2214 (Β)
293 2175 357 2207 cod.
460 2176 502 2206 ad
530 2175 596 2206 sin.
625 2174 743 2215 [atque
770 2177 805 2204 ut
835 2174 884 2210 (ut
911 2183 976 2204 om.
1004 2171 1049 2211 Β)
1079 2171 1183 2213 detis]
1211 2170 1276 2202 cod.
1307 2172 1385 2211 (pro
1408 2170 1444 2202 ai·
1471 2180 1539 2210 que

204 2220 340 2250 uidetis.
381 2219 508 2260 Spectat
520 2218 566 2248 ad
579 2229 608 2250 v.
628 2218 714 2256 878;
739 2216 780 2248 iv.
797 2216 832 2256 5)
922 2217 987 2247 880
1010 2215 1192 2256 splendore
1209 2219 1260 2246 est
1272 2215 1346 2246 PCD
1423 2224 1539 2245 nonne

204 2275 270 2295 om.
295 2263 362 2294 cod.
392 2263 444 2302 (cf
479 2274 507 2294 v.
539 2263 618 2300 878)
708 2261 758 2291 vel
781 2260 1010 2291 exaduorsurn
1143 2259 1203 2289 881
1236 2259 1280 2288 mi
1308 2257 1387 2290 add.
1415 2257 1542 2289 Ritschl
1567 2298 1569 2301 Ι

205 2308 267 2346 884
291 2307 390 2346 Quod
405 2305 469 2336 cod.
491 2307 584 2345 (corr.
598 2304 657 2345 ΒΨ)
757 2303 812 2344 qui
827 2303 886 2334 tibi
905 2303 978 2333 PCD
1062 2302 1191 2334 faceres
1208 2300 1407 2332 Lachmann
1424 2313 1431 2332 :
1448 2301 1540 2333 sacer

206 2351 256 2381 his
302 2351 414 2382 faeere
444 2349 496 2380 uis
525 2349 571 2390 Β)
595 2347 660 2380 cod.
756 2348 872 2378 miser.
913 2347 975 2377 Εν.
1003 2346 1062 2378 St!
1100 2347 1205 2386 (extra
1230 2345 1380 2387 versum)
1405 2345 1540 2386 scr-apsi:

207 2396 338 2425 iniserst
353 2393 419 2425 cod.
441 2393 560 2434 (miser
575 2390 640 2432 23²)
