1727 2712
659 89 976 130 MERCATOR
1436 77 1482 112 V.
1503 73 1534 109 ii

159 211 237 250 CH.
273 207 371 259 quid
423 205 622 244 manebo?
698 204 769 240 EV.
806 208 962 251 tempus
1000 210 1082 236 non
1120 202 1178 233 est
1213 192 1315 230 intro
1353 187 1484 227 eundi.

1237 258 1314 296 CH.
1344 254 1486 293 enicas.

161 342 233 378 Ev.
266 352 346 377 non
368 350 467 387 opus
489 343 558 382 est,
576 334 750 383 inquam,
768 344 873 369 nunc
895 329 996 367 intro
1017 335 1055 365 te
1076 326 1140 364 ire.
1192 324 1272 363 CH.
1293 318 1490 370 responde

1379 382 1488 429 mihi,

162 484 241 521 qua
261 469 428 507 caussa?
476 468 548 504 Ev.
571 477 712 514 operae
732 476 813 500 non
834 468 903 498 est.
951 460 1028 498 CH.
1052 457 1154 506 qur?
1204 455 1276 491 EV.
1298 450 1391 501 quia
1411 462 1492 487 non

1068 529 1126 559 est
1147 519 1201 557 illi
1222 516 1490 557 commodum.

162 603 240 642 CH.
273 600 407 638 itane?
440 596 698 636 commodum
727 593 782 631 illi
810 605 891 630 non
922 597 992 636 est,
1015 601 1116 638 quae
1144 599 1207 623 me
1235 590 1351 628 amat,
1375 593 1493 630 quam

1127 664 1200 700 ego
1221 655 1357 687 contra
1375 645 1497 683 amo?

77 747 147 782 920
165 730 351 770 omnibus
372 742 435 766 me
455 726 677 764 ludificatur
696 723 760 760 hic
781 720 921 759 modis.
981 731 1054 768 ego
1075 715 1228 754 stultior
1518 713 1557 743 80

166 796 234 847 qui
255 795 317 834 isti
337 794 508 833 credam.
568 795 843 829 commoratur.
903 784 1154 833 chlamydem
1175 792 1329 818 sumam
1349 779 1494 816 denuo.

169 864 240 900 EV.
274 873 389 899 mane
409 869 618 909 parumper
637 862 757 904 atque
776 854 874 890 haec
893 849 998 889 audi.
1059 849 1137 887 CH.
1167 859 1264 895 cape
1285 843 1346 889 sis,
1365 855 1496 892 puere,

1226 911 1303 948 hoc
1323 907 1496 958 pallium.

172 995 243 1032 Ev.
277 998 399 1030 mater
419 989 514 1027 irata
534 994 592 1026 est
613 984 711 1036 patri
732 984 998 1026 uehementer,
1021 978 1114 1028 quia
1134 982 1306 1015 scortum
1328 971 1402 1011 sibi

171 1059 223 1097 ob
244 1058 381 1096 oculos
400 1052 606 1094 adduxerit
626 1051 667 1089 in
686 1049 806 1095 aedis,
829 1048 925 1086 dum
947 1044 1023 1083 ruri
1043 1044 1128 1093 ipsa
1146 1042 1281 1080 abest:

84 1136 150 1173 925
173 1123 391 1174 suspicatur
411 1120 517 1158 illam
537 1117 705 1156 amicam
727 1128 812 1153 esse
833 1112 897 1150 illi.
959 1112 1036 1150 CH.
1070 1120 1209 1146 zonam
1230 1103 1379 1144 sustuli.
1524 1105 1564 1145 85

175 1190 246 1226 EV.
279 1201 365 1226 eam
401 1199 482 1224 rem
514 1196 620 1221 nunc
652 1178 818 1230 exquirit
852 1177 967 1215 intus.
1042 1175 1119 1213 CH.
1151 1172 1230 1210 iam
1262 1169 1504 1208 machaerast

1311 1234 1350 1272 in
1371 1246 1501 1271 manu.

178 1322 248 1358 EV.
279 1331 370 1356 nam
392 1315 423 1354 si
443 1329 491 1354 eo
513 1314 579 1352 ted
599 1313 702 1350 intro
723 1307 1003 1349 ducam—CH.
1036 1305 1133 1343 tollo
1153 1302 1366 1352 ampullam
1388 1306 1507 1348 atque

1334 1364 1426 1401 hinc
1446 1376 1504 1401 eo.

180 1451 250 1487 EV.
284 1460 409 1492 mane,
443 1457 569 1490 mane,
602 1440 783 1482 Charine.
858 1439 934 1477 CH.
968 1439 1080 1481 erras,
1111 1431 1202 1485 (sic)
1232 1445 1293 1468 me
1328 1428 1509 1478 decipere

1286 1497 1363 1533 hau
1385 1500 1507 1543 potes.

179 1581 251 1618 EV.
285 1590 415 1627 neque
444 1575 587 1624 edepol
617 1573 720 1611 uolo.
781 1571 858 1609 CH.
891 1568 987 1617 quin
1018 1573 1058 1603 tu
1089 1576 1180 1613 ergo
1208 1560 1322 1599 itiner
1353 1557 1511 1607 exsequi

1151 1639 1283 1665 meum
1306 1625 1368 1662 me‘
1390 1622 1513 1661 sinis?

94 1726 164 1760 930
184 1712 254 1748 EV.
287 1721 369 1745 non
390 1706 486 1744 sino.
547 1705 624 1742 CH.
658 1707 813 1750 egomet
835 1712 898 1736 me
919 1709 1058 1735 moror.
1119 1701 1160 1731 tu
1182 1704 1312 1742 puere,
1336 1688 1400 1727 abi
1421 1687 1513 1725 hinc
1532 1701 1576 1734 90

1270 1755 1371 1793 intro
1392 1752 1511 1791 ocius.

183 1840 261 1878 iam
282 1838 322 1876 in
343 1848 499 1875 currum
521 1831 692 1878 escendi,
716 1831 794 1868 iam
816 1831 898 1867 lora
919 1829 957 1865 in
979 1837 1118 1863 manus
1140 1821 1227 1871 cepi
1250 1833 1366 1858 meas.

186 1907 257 1943 Ev.
291 1914 408 1941 sanus
443 1913 523 1938 non
559 1912 610 1937 es.
685 1897 762 1936 CH.
796 1894 903 1944 quin,
935 1892 1068 1943 pedes,
1101 1902 1173 1927 uos
1208 1887 1248 1924 in
1281 1885 1517 1923 curriculum

1339 1948 1518 1988 conicitis

187 2037 226 2073 in
249 2036 423 2084 Cyprum
445 2040 560 2078 recta,
584 2027 911 2080 quandoquidem
934 2032 1043 2075 pater
1064 2021 1159 2060 mihi
1182 2017 1359 2058 exsilium
1382 2015 1519 2065 parat?

231 2150 295 2180 917
320 2145 354 2170 te
371 2149 438 2169 om.
455 2138 487 2169 Β
620 2137 684 2176 918
709 2133 873 2165 commodi
899 2131 963 2162 cod.
1098 2138 1162 2167 919
1185 2130 1302 2156 contra
1326 2131 1401 2152 amo
1422 2119 1521 2150 Ima:

190 2188 308 2216 contra
325 2193 379 2213 am
395 2181 461 2213 cod.
584 2191 650 2221 920
674 2180 727 2210 hic
744 2177 935 2208 ludificatur
952 2184 1003 2204 me
1018 2171 1082 2202 cod.
1102 2182 1108 2200 z
1133 2170 1203 2200 trai.
1229 2166 1443 2198 Gulielmius:
1469 2163 1521 2193 hic

190 2227 336 2271 (homo)
353 2228 374 2258 l.
393 2238 445 2257 me
457 2224 524 2256 Leo
541 2237 547 2255 :
574 2225 648 2255 istic
665 2224 685 2255 l.
704 2232 758 2252 me
775 2219 914 2252 Skutsch
934 2218 1066 2258 (Herm.
1085 2225 1136 2253 32,
1154 2214 1211 2253 92)
1351 2219 1415 2249 922
1439 2216 1524 2247 puer

191 2272 256 2303 cod.
380 2282 444 2311 924
470 2269 575 2300 oculis
599 2268 663 2299 cod.
801 2274 865 2304 925
890 2272 1002 2293 sonam
1021 2259 1086 2290 cod.
1199 2266 1262 2296 927
1290 2254 1388 2284 Nunc
1400 2251 1526 2282 Ritsclzl

192 2317 256 2356 928
281 2317 328 2346 sic
345 2315 420 2347 add.
437 2314 565 2346 Schoell
630 2315 743 2351 potest
759 2308 824 2339 cod.
845 2309 938 2347 (corr.
955 2304 1005 2341 D)
1096 2301 1147 2331 uis
1165 2310 1217 2330 me
1235 2300 1284 2335 d,;
1308 2298 1394 2328 haud
1413 2299 1523 2335 potest

193 2361 328 2401 Seyffert
437 2369 502 2398 929
527 2357 605 2388 uolo
632 2353 756 2394 edepol
781 2351 855 2382 PCD
967 2349 1059 2378 sines
1088 2345 1190 2386 (sine)
1219 2341 1305 2373 codd.
1334 2340 1438 2371 Nonii
1461 2340 1524 2377 482

194 2414 260 2444 930
286 2407 419 2442 egomet
432 2401 520 2432 codd.
538 2399 704 2430 Prisciani
720 2407 746 2436 1⁷
767 2405 827 2435 301
843 2407 848 2425 :
874 2404 936 2432 ego
955 2391 1019 2422 cod.
