1727 2702
136 103 182 140 V.
204 103 233 140 ii
624 105 670 142 T.
704 104 884 144 MACCI
916 102 1117 142 PLAVTI

206 212 389 259 Cliniam,
412 214 637 259 Chremem,
660 212 878 258 Cratinum,
904 211 1076 258 Diniam‚
1101 213 1439 250 Demosthenem:

206 277 236 315 is
256 278 362 327 apud
379 285 550 315 scortum
571 278 814 327 corruptelae
835 284 893 315 est
914 275 1058 323 liberis,
1079 275 1207 314 lustris
1228 277 1368 314 studet.

207 344 274 380 ΡΑ.
307 342 401 392 quin
423 350 464 381 tu
486 342 595 380 illurn
616 342 728 380 iubes
747 342 910 381 ancillas
930 355 1063 392 rapere
1085 341 1293 379 sublimem
1315 342 1511 380 domum?

205 409 307 445 Am.
341 416 425 446 tace
466 409 596 446 modo.
670 421 719 446 ne
758 407 867 446 illum
907 413 1101 445 mecastor
1140 405 1323 444 miserum
1363 405 1532 444 habebo.

1126 472 1193 509 ΡΑ.
1226 484 1299 521 ego
1319 470 1418 509 istuc
1438 470 1532 517 scio,

147 555 186 576 20
206 536 258 575 ita
293 539 372 576 fore
407 537 460 576 illi
494 540 590 577 dum
620 537 783 588 quidem
813 551 903 576 eum
935 537 1002 576 illo
1031 544 1154 586 nupta
1183 535 1268 575 eris.
1327 538 1428 574 ΛΒΤ.
1462 549 1536 585 ego
1554 542 1623 584 870

1378 614 1534 640 censeo.

204 683 295 708 eum
339 670 457 709 etiam
502 670 705 710 hominem
743 668 845 722 (aut)
882 669 922 708 in
962 676 1100 708 senatu
1139 669 1233 707 dare
1271 680 1431 718 operam
1470 673 1537 704 aut

1299 731 1535 778 ementibus,

205 799 257 837 ibi
280 801 412 839 labore
433 801 672 839 delassatum
695 808 852 839 noctem
875 807 997 837 totam
1019 800 1202 837 stertere!

204 864 268 903 ille
289 865 395 916 operi
418 865 509 904 soris
530 865 713 904 faciendo
734 866 857 903 lassus
878 872 999 903 noetu
1019 862 1087 915 <ad
1109 861 1191 911 me>
1209 861 1373 901 aduenit
1388 876 1399 909 3

205 931 371 969 fundum
391 930 564 969 alienum
585 937 677 977 arat,
700 929 893 968 incultum
915 928 1144 967 familiarem
1166 927 1320 966 deserit.

146 1013 184 1044 25
204 995 235 1033 is
256 995 373 1034 etiam
395 1003 601 1046 corruptus
622 1008 738 1045 porro
758 1007 872 1032 suom
894 992 1108 1043 corrumpit
1130 992 1264 1030 filium.
1536 998 1539 1000 ’
1557 993 1622 1038 875

205 1062 273 1098 ΡΑ.
306 1074 469 1111 sequere
490 1062 564 1099 hac
585 1074 648 1099 me
669 1060 802 1106 modo,
825 1058 903 1097 iam
924 1060 1012 1097 saxo
1029 1057 1157 1109 ipsum
1179 1056 1383 1096 hominem
1405 1069 1539 1094 manu-

1206 1124 1305 1161 festo
1325 1121 1535 1172 opprimas.

203 1193 306 1230 ART.
341 1191 436 1229 nihil
471 1199 624 1231 ecastor
653 1198 712 1230 est
741 1191 850 1241 quod
886 1191 1013 1228 faeere
1048 1187 1245 1227 mauelim.
1307 1189 1376 1225 ΡΑ.
1409 1200 1539 1225 mane-

1031 1255 1138 1293 dum.
1199 1255 1301 1291 ART.
1334 1251 1431 1303 quid
1451 1253 1539 1291 est?

205 1324 273 1360 ΡΛ.
306 1322 443 1372 possis,
467 1321 497 1360 si
519 1323 617 1360 forte
637 1321 899 1360 accubantem
921 1327 1030 1358 tuom
1053 1318 1181 1357 uirum
1202 1317 1453 1367 conspexeris

204 1402 295 1426 curn
316 1402 463 1426 corona
482 1389 707 1438 amplexum
728 1386 909 1432 amicam,
932 1385 963 1423 si
985 1384 1132 1431 uideas,
1156 1384 1425 1434 cognoscere?

142 1467 186 1499 30
205 1455 307 1492 ART.
340 1467 500 1504 possum
522 1460 683 1492 ecastor.
742 1454 810 1490 ΡΑ.
842 1464 905 1490 ern
927 1449 997 1488 tibi
1019 1449 1232 1489 hominem.
1293 1450 1395 1486 ART.
1428 1446 1534 1497 perii.
1557 1452 1627 1487 880

1076 1516 1144 1552 ΡΑ.
1177 1513 1388 1564 paullisper
1408 1526 1534 1551 mane.

203 1597 446 1634 aucupemus
467 1597 513 1622 ex
535 1583 686 1622 insidiis
707 1583 931 1621 clanculum
952 1594 1072 1631 quam
1094 1593 1174 1618 rem
1195 1586 1341 1629 gerant.

204 1651 309 1688 Auo.
341 1648 438 1699 quid
473 1648 593 1695 modi,
630 1655 749 1698 pater,
785 1646 1050 1697 amplexando
1088 1643 1235 1683 facies?
1295 1645 1369 1681 DE.
1402 1644 1540 1690 fateor,

1294 1716 1410 1758 gnate
1432 1721 1539 1746 mr—

205 1781 309 1818 ARG.
341 1778 438 1829 quid
478 1779 626 1817 fatere?
686 1779 760 1816 DE.
799 1790 862 1815 me
900 1790 947 1815 ex
980 1788 1114 1814 amore
1149 1773 1278 1812 huiius
1310 1780 1537 1823 corruptum

1375 1838 1535 1889 oppido.

206 1913 274 1950 ΡΑ.
306 1910 425 1950 audin
448 1910 544 1960 quid
560 1909 642 1948 ait?
701 1911 802 1947 ART.
835 1907 965 1947 audio.
1029 1907 1103 1945 DE.
1135 1918 1237 1956 egon
1254 1912 1295 1943 ut
1317 1918 1396 1943 non
1414 1905 1538 1943 domo

1295 1983 1403 2008 uxori
1426 1982 1536 2007 meae

145 2055 185 2087 35
205 2040 420 2090 surrupiam
443 2040 481 2078 in
503 2039 653 2079 deliciis
669 2041 810 2089 pallam
828 2051 946 2088 quarn
964 2037 1083 2076 habet
1098 2043 1217 2086 atque
1230 2035 1281 2074 ad
1298 2042 1336 2073 te
1349 2035 1534 2080 deferam,
1556 2032 1623 2077 885

205 2120 285 2144 non
306 2107 448 2155 edepol
470 2104 641 2143 conduci
662 2117 822 2154 possum
846 2102 926 2140 uita
947 2101 1076 2140 uxoris
1096 2113 1238 2139 annua.

248 2210 310 2249 867
337 2215 387 2240 est
413 2209 576 2249 Scaliger:
611 2213 644 2239 et
664 2207 743 2243 cod..
766 2208 840 2237 item
866 2205 955 2236 codd.
979 2204 1084 2235 Nonii
1099 2214 1161 2242 333
1365 2203 1430 2241 869
1455 2212 1537 2233 mec.

205 2254 356 2294 Smyffivit
381 2260 513 2284 ecastor·
529 2252 594 2283 cod.
702 2253 765 2290 870
783 2253 856 2290 pos!
873 2259 1000 2280 censeo
1019 2259 1084 2278 mm
1098 2247 1307 2286 distinguunt
1320 2245 1379 2276 alii
1474 2247 1513 2285 87
1524 2256 1534 2276 1

205 2309 277 2328 sum
296 2298 395 2328 etiarn
413 2295 529 2339 (rata)
546 2297 638 2327 liom.
657 2295 700 2333 (1)
719 2294 784 2325 Leo
931 2293 987 2323 vix
1003 2292 1105 2322 etiam
1255 2295 1311 2320 aut
1328 2288 1403 2319 add.
1424 2289 1538 2320 Came-

207 2343 316 2372 rarius
404 2342 467 2379 873
490 2341 532 2370 ad
551 2350 602 2370 me
620 2338 697 2370 add.
715 2337 888 2369 Fleckeisen
905 2336 985 2375 (seq.
1008 2335 1124 2375 aduc-)
1225 2335 1289 2363 882
1313 2332 1538 2372 amplexando

205 2384 397 2415 Acidalius:
421 2383 636 2423 amplexandi
653 2381 722 2412 cod.
855 2379 917 2418 883
943 2379 1042 2408 huius
1060 2375 1181 2419 (esse)
1199 2375 1371 2407 Fleckeisen
1474 2377 1538 2414 885

195 2428 280 2467 sort.
296 2429 396 2466 quarn
415 2426 459 2467 h.‚
480 2427 520 2457 ad
541 2426 615 2467 (del.
633 2427 750 2466 atque)
769 2425 904 2465 <jour-n.
924 2423 1012 2452 Phil.
1031 2423 1081 2459 26,
1102 2423 1180 2461 296)
