1676 2722
641 136 962 173 PRAEFATIO

187 246 309 295 Quod
325 258 417 283 vero
433 245 484 283 ad
501 244 685 284 codicum
702 244 892 283 lectiones
908 244 1058 291 attinet,
1073 244 1236 283 adhibui
1254 243 1464 283 maximam

132 318 283 362 partem
308 309 442 360 copias
463 309 515 347 ab
541 309 626 347 aliis
648 317 864 359 congestas,
890 309 1155 348 Studemundi
1182 310 1464 359 apographum,

134 375 365 426 Lindskogii
382 376 621 426 opusculum
638 376 688 414 de
705 374 1013 414 correctionibus
1030 374 1192 414 Codicis
1209 374 1363 413 Veteris
1381 374 1464 425 (B),

133 440 436 480 Teubnerianae
484 439 668 478 editionis
716 448 957 490 apparatum.
1038 441 1130 490 Ipse
1178 447 1310 478 tamen
1358 441 1467 478 locos

132 507 332 557 plurimos,
356 507 406 545 de
427 505 572 556 quibus
593 505 781 553 dubitavi,
804 505 843 543 in
865 505 1051 544 omnibus
1071 505 1278 544 codicibus
1299 505 1469 555 (praeter

132 571 193 623 A)
213 570 375 621 inspexi.
421 571 553 610 Multa
573 570 691 609 etiam
713 578 751 609 et
772 569 881 608 utilia
902 571 1128 621 praesertim
1150 571 1200 608 de
1221 568 1469 609 correctioni-

133 637 206 675 bus
240 637 331 688 (3³)
365 636 527 677 Codicis
562 635 716 675 Veteris
748 649 811 674 me
843 635 1081 675 amicissime
1111 635 1247 675 docuit
1279 637 1468 675 FERDI-

134 703 362 741 NANDVS
393 702 785 748 NOVGARETVS,
817 701 884 751 qui
913 701 1044 751 plures
1073 701 1158 740 dies
1187 701 1227 739 in
1254 714 1302 740 eo
1329 701 1468 741 codice

132 768 416 818 perscrutando
454 768 700 817 consumpsit
742 780 861 816 quam
901 767 1042 817 aliquis
1082 766 1180 804 alius
1219 768 1345 806 horas.
1421 769 1467 806 Ei

132 832 248 883 igitur
279 832 343 871 hic
373 833 451 871 illic
480 831 728 871 dissentienti
760 840 827 870 aut
856 833 907 870 de
937 831 1170 882 Lindskogii
1198 840 1267 870 aut
1297 833 1348 871 de
1379 845 1468 870 meo

133 897 255 948 ipsius
284 898 432 937 iudicio
463 911 668 948 nunquam
700 911 781 936 non
815 899 934 936 fidem
966 897 1099 935 habui.
1159 897 1314 936 Gratias
1349 896 1467 936 etiam

131 976 206 1013 ago
227 971 265 1002 et
291 963 423 1003 debeo
448 963 682 1002 custodibus
710 964 849 1002 harum
881 963 1223 1010 bibliothecarum,
1250 962 1466 1010 Leidensis,

132 1028 431 1075 Ambrosianae‚
460 1030 689 1076 Vaticanae‚
717 1037 876 1080 propter
904 1042 1064 1079 operam
1095 1028 1357 1079 gratissimam
1388 1041 1469 1067 non

133 1096 255 1133 semel
277 1095 398 1133 modo
419 1094 515 1132 mihi
536 1094 766 1144 praebitam.

189 1160 384 1211 Denique,
408 1161 518 1211 quod
537 1159 811 1210 gravissimum
832 1168 901 1207 est,
922 1160 1116 1199 monitum
1137 1168 1176 1199 te
1197 1160 1327 1208 velim,
1347 1161 1469 1199 lector

133 1226 337 1272 benevole,
374 1233 416 1263 ut
451 1239 584 1264 versus
620 1225 824 1264 Plautinos
859 1226 912 1264 ita
947 1228 1084 1264 recites
1124 1227 1467 1277 quemadmodum

134 1290 284 1330 recitari
316 1291 476 1338 debent,
513 1304 563 1330 ne
598 1291 799 1329 suavitatis
835 1294 1112 1330 ‘numerorum
1148 1293 1469 1330 innumerorum'

133 1356 321 1395 iacturam
360 1356 490 1395 facias.
551 1357 783 1396 Curandum
824 1356 938 1408 igitur
972 1365 1015 1395 ut
1047 1357 1204 1405 litteras,
1241 1357 1467 1408 praesertim

134 1423 302 1468 vocales,
336 1434 425 1460 vere
460 1428 498 1460 et
538 1421 678 1460 Latine
718 1422 909 1470 enunties,
947 1436 1039 1461 cum
1072 1424 1235 1461 Plautus
1269 1436 1351 1461 non
1384 1436 1469 1461 raro

133 1485 385 1525 assonatione
414 1487 493 1525 fere
515 1485 665 1526 Celtica
692 1488 872 1537 gaudeat,
896 1495 938 1526 ut
965 1487 1006 1526 in
1027 1489 1173 1539 Amph.
1203 1502 1302 1536 1042
1326 1488 1468 1539 (troch.

135 1552 346 1602 septenar.)
367 1568 373 1590 :

161 1617 239 1655 iam
259 1618 310 1656 ad
331 1623 461 1668 regem
483 1624 587 1656 recta
608 1632 671 1657 me
693 1620 836 1657 ducam
858 1625 998 1670 resque
1020 1628 1062 1658 ut
1084 1621 1186 1659 facta
1213 1628 1272 1659 est
1293 1622 1466 1672 eloquar.

136 1683 241 1721 Illud
270 1682 387 1721 etiam
420 1697 575 1734 semper
601 1685 998 1723 animadvertendum
1026 1699 1145 1736 quam
1175 1686 1277 1725 bene
1303 1688 1469 1737 quadret

136 1747 406 1785 Plautinorum
423 1762 605 1787 versuum
623 1750 827 1799 rhythmus
841 1751 892 1789 ad
908 1751 1134 1801 rhythmum
1153 1751 1263 1790 illum
1280 1751 1469 1790 cotidiani

135 1813 336 1860 sermonis,
360 1813 426 1863 qui
448 1827 516 1863 per
537 1814 762 1853 varietatem
785 1829 972 1854 sonorum
1003 1816 1103 1854 effici
1133 1818 1244 1863 solet,
1271 1818 1367 1856 dum
1394 1817 1469 1856 alia

139 1877 416 1926 summissiore,
434 1878 509 1917 alia
521 1879 657 1918 altiore
671 1894 768 1920 voce
782 1882 1046 1921 enuntiamus.
1089 1882 1245 1922 Scilicet
1261 1883 1467 1922 Ritschelii

137 1942 331 1981 sententia
360 1950 398 1981 et
428 1943 633 1982 notissima
668 1953 705 1984 et
736 1947 936 1985 verissima
968 1955 1036 1995 est,
1070 1947 1110 1985 in
1140 1948 1316 1986 versibus
1345 1950 1467 1987 nostri

135 2014 276 2058 poetae
297 2010 306 2027 ‘
323 2021 414 2046 curn
442 2010 671 2059 quantitatis
702 2012 906 2052 severitate
934 2027 1131 2052 summam
1162 2013 1372 2052 accentus¹
1401 2014 1468 2052 ob-

138 2166 278 2199 aspectu
292 2160 478 2199 videbitur,
494 2163 594 2193 crede
608 2173 661 2195 me
675 2166 771 2205 quasi
788 2171 1023 2206 argumentum
1042 2166 1194 2207 proferre
1209 2177 1267 2197 cur
1284 2167 1464 2198 lectionem

140 2222 225 2250 quae
242 2211 275 2242 in
296 2217 391 2243 textu
410 2219 461 2243 est
479 2214 554 2245 aliis
573 2217 779 2250 coniecturis
798 2220 1027 2258 praetulerim.

183 2263 192 2282 ¹
220 2264 361 2295 Nescire
386 2265 539 2303 profecto
565 2269 716 2300 nonnulli
737 2271 896 2302 videntur
919 2276 1091 2302 accentum
1119 2271 1274 2301 Latinum
1298 2280 1406 2309 aeque
1428 2281 1466 2301 ac

139 2315 304 2346 Graecum
330 2317 387 2349 (ne
405 2317 447 2347 de
463 2318 537 2348 aliis
555 2319 678 2361 dicam)
704 2333 768 2353 non
789 2333 926 2363 semper
944 2323 1091 2353 eundem
1113 2323 1145 2353 in
1164 2324 1283 2353 eodem
1300 2322 1465 2353 vocabulo

137 2377 274 2397 manere
300 2368 360 2397 sed
380 2368 503 2398 variari
525 2373 710 2404 secundum
732 2380 845 2414 partes
862 2385 946 2414 quas
969 2375 1000 2405 id
1017 2375 1216 2405 vocabulum
1240 2375 1272 2404 in
1295 2377 1465 2405 sententia

137 2424 223 2457 agat.
272 2418 563 2457 Quemadmodum
585 2424 675 2455 enim
696 2425 848 2457 Graecae
870 2426 1132 2466 praepositionis
1153 2427 1225 2466 πρός
1245 2437 1313 2456 non
1331 2435 1467 2465 semper

783 2493 819 2518 Xl
