1727 2712
720 81 949 123 CAPTIVI

108 207 126 246 5
132 209 149 246 5
170 207 250 234 non
271 201 501 245 pertractate
522 197 624 233 facta
643 201 702 233 est
721 207 852 244 neque
872 192 966 232 item
987 201 1030 231 ut
1049 201 1225 232 ceterae:

169 273 297 309 neque
317 259 528 309 spurcidici
548 260 682 298 insunt
702 273 840 298 uorsus
861 258 1205 306 inmemorabiles3

168 324 231 362 hic
253 337 381 374 neque
401 324 573 375 peiiurus
593 326 683 363 leno
704 331 763 363 est
783 337 856 362 nec
878 323 1058 362 meretrix
1079 324 1182 362 mala

167 402 297 439 neque
318 388 428 427 miles
448 389 638 439 gloriosus
654 404 664 437 3
693 402 743 427 ne
763 388 977 427 uereamini

168 454 260 504 quia
280 455 426 493 bellum
446 455 598 494 Aetolis
618 469 704 494 esse
724 453 804 493 dixi
825 467 915 493 cum
935 453 1069 493 Aleis:

105 523 151 558 60
167 519 258 558 foris
279 519 333 558 illi
353 528 458 558 extra
478 534 661 558 scaenam
682 521 776 559 fient
796 519 953 570 proelia.

168 598 258 623 narn
280 586 355 623 hoc
377 599 501 635 paene
523 585 748 635 iniquomst‚
772 584 927 623 comico
948 584 1135 635 choragio

167 649 300 688 conari
320 650 503 689 desubito
523 664 636 700 agere
657 663 729 688 nos
750 649 1002 700 tragoediam.

167 715 280 766 proin
301 715 331 753 si
353 715 439 765 quis
460 729 632 766 pugnarn
654 722 864 765 exspectat,
887 714 963 753 litis
984 716 1214 754 contrahat:

167 780 424 819 ualentiorem
447 788 584 819 nactus
604 779 875 820 aduorsarium

104 853 146 896 65
167 845 198 884 si
219 845 300 892 erit,
323 859 396 896 ego
417 845 556 884 faciam
579 854 620 884 ut
640 859 812 897 pugnam
834 845 1027 895 inspectet
1047 859 1127 885 non
1150 845 1309 893 bonam,

165 911 267 949 adeo
288 917 330 948 ut
351 918 526 960 spectare
547 919 684 961 postea
704 910 833 949 omnis
854 910 991 949 oderit.

165 976 276 1014 abeo.
336 977 474 1022 ualete‚
498 975 647 1014 iudices
668 975 883 1014 iustissumi

165 1040 286 1088 domi,
308 1040 509 1091 duellique
530 1042 765 1080 duellatores
786 1041 950 1091 optumi.

663 1242 922 1290 ACTVS
976 1243 993 1290 I

674 1344 995 1382 ERGA51Lvs

169 1436 242 1474 ER.
278 1437 468 1474 quentus
490 1449 636 1474 nomen
658 1434 801 1474 indidit
825 1437 1008 1474 ‘Scorto'
1029 1435 1137 1484 mihi,

104 1515 149 1550 70
165 1514 213 1538 eo
234 1502 324 1551 quia
345 1501 551 1540 inuocatus
573 1503 681 1539 soleo
702 1514 786 1539 esse
807 1500 847 1538 in
868 1500 1064 1540 conuiuio.

165 1564 247 1604 scio
266 1567 434 1615 apstirde
454 1565 605 1604 dictum
628 1567 704 1604 hoc
724 1565 917 1604 derisores
937 1565 1079 1614 dicere,

163 1637 202 1667 at
222 1644 294 1680 ego
314 1630 377 1681 aio
398 1639 512 1670 recte.
546 1644 636 1669 nam
659 1638 831 1669 scortum
852 1630 891 1668 in
912 1630 1100 1670 conuiuio

164 1693 237 1733 sibi
257 1703 417 1743 amator,
441 1697 539 1734 talos
560 1709 682 1746 quom
703 1695 804 1743 iacit,
827 1703 999 1734 scortum
1019 1696 1190 1736 inuocat.

164 1768 274 1799 estne
294 1760 523 1800 inuocatum
543 1760 753 1813 (scortum)
773 1775 822 1800 an
844 1763 955 1801 non?
983 1762 1223 1812 planissume
1237 1778 1248 1812 3

102 1839 144 1877 75
164 1837 301 1864 uerum
322 1827 452 1866 hercle
473 1840 568 1865 uero
590 1840 662 1865 nos
684 1827 841 1877 parasiti
862 1827 1027 1878 planius,

163 1903 263 1941 quos
284 1905 501 1942 numquam
523 1891 731 1942 quisquam
753 1906 882 1943 neque
903 1901 1019 1931 uocat
1040 1907 1169 1943 neque
1189 1893 1358 1934 inuocat.

163 1956 274 2006 quasi
295 1970 423 1995 mures
445 1970 599 2007 semper
619 1956 773 1995 edimus
793 1957 965 1996 alienum
987 1957 1121 1996 cibum
1138 1973 1149 2006 3

163 2020 231 2059 ubi
251 2034 311 2060 res
331 2022 504 2071 prolatae
525 2029 628 2068 sunt,
650 2035 772 2071 quom
794 2036 858 2060 rus
879 2022 1060 2061 homines
1081 2031 1187 2071 eunt,

163 2084 279 2123 simul
298 2087 471 2136 prolatae
491 2099 550 2123 res
571 2093 662 2123 sunt
682 2086 824 2125 nostris
844 2086 1040 2126 dentibus.

101 2154 147 2190 30
164 2149 284 2200 quasi,
307 2163 428 2200 quom
449 2151 605 2197 caletur,
630 2152 787 2189 cocleae
807 2151 848 2189 in
869 2153 1026 2190 occulto
1047 2153 1179 2200 latent,

207 2263 250 2293 59
273 2253 369 2284 alidis
385 2253 451 2285 cod.
472 2254 523 2295 (cs.
544 2265 572 2286 v.
593 2255 650 2292 24)
783 2256 826 2286 60
851 2256 918 2287 illic
935 2255 1000 2288 cod.
1134 2259 1175 2287 62
1202 2268 1263 2288 nos
1283 2268 1385 2298 agere
1406 2259 1470 2291 cod.
1489 2271 1496 2290 z

165 2299 235 2327 trai.
252 2297 354 2328 Bothe
531 2308 571 2337 72
595 2298 648 2328 aio
667 2298 710 2328 ita
726 2299 828 2339 script.
849 2303 886 2329 ut
901 2299 966 2330 clio
984 2299 1066 2339 <BD
1099 2300 1149 2330 vel
1163 2301 1218 2331 dio
1236 2301 1316 2341 (PE)
1337 2301 1491 2333 w‘deretu:

163 2351 227 2371 esse
250 2341 283 2371 in
301 2340 366 2372 cod.
385 2342 437 2381 (ej.
454 2352 483 2372 v.
503 2343 583 2381 694)
603 2342 663 2381 (vi,
682 2352 711 2380 p.
732 2343 790 2382 84)
934 2353 973 2382 74
990 2342 1182 2386 (scortum)
1202 2355 1243 2374 an
1262 2355 1329 2375 non
1346 2344 1494 2385 Bentley.

163 2394 205 2415 an
231 2394 299 2414 non
316 2383 500 2428 <est3est>
518 2384 731 2416 Camerarius
878 2396 918 2426 75
950 2386 1049 2428 uero]
1073 2396 1192 2418 uerum
1210 2387 1275 2419 cod.

208 2452 324 2475 ΡιΑντ.
344 2454 356 2475 1

1524 91 1636 122 PRoL.

1520 205 1559 240 55

1518 2040 1558 2063 10
