1727 2702
126 84 178 121 ΙΙ.
200 83 246 119 ἰν
613 80 660 118 T.
693 78 874 118 MACCI
907 78 1111 116 PLAVTI

200 191 366 231 suasisse
385 190 458 230 sibi
480 205 529 229 ne
549 190 736 228 crederes.
797 189 862 235 da,
881 201 1042 238 quaeso,
1063 200 1109 225 ac
1129 201 1180 226 ne
1200 186 1392 226 formida:

199 259 350 297 saluom
371 257 500 295 hercle
521 255 601 294 erit.
663 255 745 292 ME.
778 254 936 293 credam
958 254 1051 300 fore,
1073 253 1170 291 dum
1191 251 1353 302 quidem
1382 251 1464 302 ipse
1485 250 1524 289 in

1217 317 1335 355 manu
1355 316 1523 355 habebo.

200 387 423 439 peregrinus
443 399 516 436 ego
537 398 635 432 sum,
659 385 846 422 Sauream
868 396 949 421 non
971 381 1076 420 noui.
1138 383 1197 420 Lr.
1220 388 1259 419 at
1280 394 1400 419 nosce
1419 394 1522 418 sane.

203 455 244 491 M
252 466 284 491 F..
308 452 366 498 sit,
384 465 462 489 non
485 450 544 497 sit,
561 462 640 487 non
662 449 803 499 edepol
819 448 913 486 seio.
966 447 997 485 si
1018 447 1050 484 is
1066 455 1135 493 est,
1151 459 1242 485 eum
1259 459 1344 484 esse
1359 452 1523 496 oportet.
1543 449 1611 493 465

140 526 181 556 60
201 532 274 568 ego
294 526 397 556 certe
418 530 481 554 me
502 515 651 553 incerto
671 513 754 552 scio
774 515 851 551 hoc
871 514 1056 552 daturum
1077 511 1227 550 nemini
1248 511 1411 549 homini.

203 585 272 621 Lm.
305 583 434 621 hercle
463 580 580 619 istum
610 578 651 618 di
680 591 818 617 omnes
847 577 1042 629 perduint.
1107 577 1230 615 uerbo
1258 589 1355 614 caue
1385 574 1527 626 suppli-

1395 640 1523 679 cassis.

200 715 306 751 ferox
325 720 383 751 est
405 710 541 762 uiginti
563 710 689 748 minas
710 722 818 748 meas
838 716 1003 747 tractare
1023 721 1118 746 sese.

199 791 318 816 nemo
359 776 512 827 accipit,
548 776 656 814 aufer
701 782 740 812 te
780 775 960 821 domum,
996 773 1168 823 apscede
1205 771 1309 818 hinc,
1339 773 1526 810 molestus

1396 849 1445 874 ne
1461 835 1523 875 sis.

201 910 284 947 ΜΕ.
316 907 432 946 nimis
462 906 660 944 iracunde.
719 917 800 943 non
830 905 945 943 decet
969 903 1183 954 superbum
1211 915 1296 940 esse
1322 901 1524 940 hominem
1545 917 1616 951 470

1357 979 1523 1004 seruom.

137 1043 178 1085 65
201 1040 271 1077 LE.
305 1039 408 1076 malo
428 1038 558 1075 hercle
579 1036 656 1073 iarn
678 1048 822 1085 magno
843 1042 922 1081 tuo,
946 1033 985 1072 ni
1007 1032 1069 1071 isti
1090 1045 1163 1071 nec
1184 1040 1288 1071 recte
1308 1030 1417 1070 dicis.

203 1105 261 1141 L1.
295 1102 443 1152 inpure,
468 1100 588 1138 nihili.
649 1113 730 1137 non
751 1099 863 1138 uides
884 1098 1026 1136 irasci?
1085 1099 1155 1136 LE.
1188 1110 1305 1148 perge
1325 1109 1452 1148 porro.

200 1170 260 1206 111.
292 1166 481 1216 flagitium
502 1164 685 1203 hominis.
735 1164 798 1211 dci,
816 1176 991 1214 opsecro,
1007 1163 1211 1212 argentum
1233 1161 1338 1210 huic,
1354 1175 1404 1200 ne
1425 1163 1527 1202 male

1332 1228 1523 1277 loquatur.

200 1300 283 1337 ME.
307 1299 454 1336 malum
474 1297 606 1335 hercle
625 1295 740 1334 uobis
760 1294 956 1345 quaeritis.
1008 1295 1078 1332 LE.
1101 1306 1213 1332 crura
1233 1294 1363 1332 hercle
1383 1292 1527 1331 diffrin-

1374 1365 1524 1408 gentur,

198 1429 236 1467 ni
254 1429 371 1467 istum
388 1428 620 1479 inpudicum
634 1426 793 1478 percies.
846 1427 906 1464 L1.
929 1424 1024 1476 perii
1041 1425 1181 1463 hercle.
1227 1437 1308 1473 age,
1327 1423 1523 1473 inpudice,
1545 1437 1611 1474 475

140 1510 179 1542 70
198 1496 372 1540 sceleste,
396 1507 476 1531 non
497 1494 619 1531 audes
641 1491 736 1530 mihi
758 1493 925 1530 scelesto
946 1489 1187 1529 subuenire?

200 1561 269 1598 LE.
306 1559 441 1610 pergin
471 1558 619 1608 precari
649 1558 865 1608 pessumo?
924 1557 1006 1594 ME.
1039 1568 1141 1605 quae
1170 1556 1259 1593 res?
1299 1561 1369 1592 tun
1404 1553 1526 1592 libero

1376 1617 1526 1656 homini

199 1691 301 1728 male
330 1702 464 1728 seruos
494 1689 685 1738 loquere?
744 1687 813 1724 LE.
851 1686 1004 1736 uapula.
1066 1686 1149 1722 Mn.
1187 1683 1225 1722 id
1261 1683 1422 1734 quidem
1458 1681 1526 1720 tibi

1310 1749 1440 1787 hercle
1462 1748 1526 1786 fiet

199 1828 241 1858 ut
262 1821 435 1870 uapules‚
461 1821 750 1856 Demaenetum
773 1817 887 1854 simul
907 1829 954 1854 ac
974 1828 1216 1865 conspexero
1238 1813 1366 1852 hodie.

199 1886 238 1924 in
271 1885 329 1923 ius
365 1898 466 1922 uoco
498 1893 546 1922 te.
620 1885 691 1921 LE.
723 1896 803 1920 non
838 1895 896 1920 eo.
970 1883 1052 1919 ME.
1085 1894 1164 1918 non
1205 1879 1264 1918 is?
1313 1886 1522 1917 memento,
1545 1882 1615 1924 480

1250 1946 1319 1982 LE.
1352 1942 1523 1982 memini.

143 2025 182 2059 75
205 2018 288 2054 ME.
328 2015 485 2053 dabitur
519 2015 583 2064 pol
615 2012 851 2063 supplicium
885 2010 980 2049 mihi
1012 2011 1063 2049 de
1094 2017 1202 2059 tergo
1241 2017 1384 2047 uostro.
1456 2009 1524 2046 Lm.

1375 2086 1447 2111 uae
1467 2080 1505 2111 te
1521 2075 1528 2110 l

244 2185 306 2223 462
331 2183 468 2224 ac]sort.
493 2184 534 2213 ah
559 2183 611 2224 (cf.
628 2181 764 2222 Sjc'igren
782 2180 820 2211 dc
836 2179 927 2211 Part.
955 2179 1068 2221 Copul.
1089 2189 1121 2220 p.
1138 2178 1197 2219 97)
1346 2177 1411 2216 463
1436 2177 1529 2216 ipsus

202 2227 392 2258 Niemoellcr
492 2229 556 2266 469
579 2226 710 2265 accepit
726 2223 791 2256 cod.
826 2227 870 2264 (v.
900 2234 930 2263 9.
957 2224 992 2264 5)
1103 2228 1137 2254 te
1161 2221 1258 2253 aufer
1280 2220 1401 2262 Engcr,
1429 2224 1530 2250 sancero

201 2272 366 2301 consulens
514 2279 574 2309 471
599 2269 648 2300 vc!
671 2269 746 2299 istic
894 2277 957 2306 475
982 2277 1045 2305 age
1073 2267 1105 2296 in
1131 2266 1254 2305 pudice
1278 2264 1398 2303 infine
1419 2274 1530 2294 versus

202 2314 411 2345 (nerleccdcnlt's
427 2315 476 2353 (ii.
498 2320 534 2353 5)
625 2323 685 2352 477
712 2312 847 2342 homine
865 2310 928 2341 cod.
1022 2311 1085 2349 478
1109 2309 1195 2340 malo
1212 2307 1276 2340 cod.
1291 2308 1327 2347 (i.
1350 2308 1403 2347 ιο)
1472 2308 1529 2337 sset

203 2358 266 2389 cod.
286 2369 378 2396 ficorr.
399 2357 468 2397 D‘2)
487 2357 511 2395 (1
535 2362 595 2396 pro
612 2357 637 2396 i)
785 2354 936 2392 480-483
959 2353 1026 2384 secl.
1049 2352 1172 2394 Ussing
1315 2352 1381 2390 480
1405 2350 1445 2381 iis
1459 2349 1529 2381 cod.

204 2404 284 2442 (pro
301 2402 364 2440 cis,
377 2400 639 2440 antiquasorma
652 2401 676 2438 ².)
