1727 2712
590 85 947 129 MENAECHMI
1382 83 1429 124 V.
1451 85 1466 122 i

102 212 221 249 quern
243 201 284 237 tii
305 198 508 237 hominem
528 198 656 250 (med)
674 198 860 237 arbitrere
880 198 1015 238 nescio
1032 212 1044 246 3

41 277 82 316 45
101 278 175 314 ego
195 272 234 303 te
254 263 386 303 simitu
407 264 502 302 noui
522 278 614 302 cum
637 266 871 303 Porthaone.
1450 272 1491 305 45

104 331 186 367 MA.
218 328 250 368 si
270 343 334 368 me
355 328 521 376 derides,
544 337 583 367 at
603 331 670 379 pol
691 329 800 367 illum
821 343 902 368 non
927 336 1052 380 potes,

101 401 251 444 patrem
272 408 405 433 meum
426 393 494 444 qui
515 395 594 432 huc
614 394 789 433 aduenit.
849 394 945 445 quin
970 393 1130 444 respicis
1145 394 1164 432 ?

100 458 273 497 nouistin
294 466 336 497 tu
356 458 497 497 illum?
555 461 669 498 ΜΕΝ.
702 459 797 498 noui
817 473 908 498 cum
931 461 1080 499 Calcha
1100 458 1240 498 simul:

100 526 242 563 eodem
263 524 328 563 die
348 524 458 562 illum
480 524 563 563 uidi
583 538 664 574 quo
684 532 722 563 te
742 532 834 563 ante
854 526 960 562 hunc
981 524 1099 563 diem.

19 602 84 640 750
103 591 186 627 ΜΑ.
219 602 338 639 negas
358 588 518 627 nouisse
539 590 634 627 me?
664 603 782 639 negas
803 596 953 639 patrem
975 603 1107 627 meum
1124 590 1141 627 ?
1451 602 1493 635 50

103 656 217 692 MEN.
250 653 356 693 idem
377 655 508 692 hercle
529 654 659 692 dicam
680 655 712 692 si
731 666 851 692 auom
872 653 931 692 uis
952 655 1161 692 adducere.

101 721 184 758 MA.
215 727 368 758 ecastor
387 719 530 770 pariter
549 720 626 757 hoc
645 726 765 769 atque
783 719 879 757 alias
900 732 959 757 res
980 720 1092 757 soles.

173 832 359 869 SENEX
472 832 755 868 MATRONA
867 832 1268 868 MENAECHMVS
1307 831 1349 868 II
1445 830 1475 867 ii

99 914 163 951 SE.
196 914 250 951 Vt
268 920 376 951 aetas
397 925 485 951 mea
505 919 563 950 est
583 919 703 962 atque
724 920 766 950 ut
786 913 863 950 hoc
884 912 969 949 usu’
986 912 1092 950 facto
1112 918 1172 950 est

97 979 262 1028 gradum
283 979 490 1028 proferam,
513 977 728 1027 progrediri
748 977 979 1027 properabo.

14 1051 77 1088 755
98 1043 168 1081 sed
188 1042 230 1081 id
249 1056 369 1094 quam
390 1042 487 1081 mihi
507 1042 621 1081 facile
642 1042 690 1081 sit
707 1044 785 1081 hau
806 1056 894 1081 sum
914 1044 1045 1081 falsus.

96 1121 188 1145 nam
209 1107 418 1158 pernicitas
439 1107 584 1147 deserit
604 1122 611 1146 :
641 1108 817 1146 consitus
838 1121 927 1146 sum

96 1181 310 1222 senectute,
332 1181 520 1212 onustum
541 1187 634 1223 gero
654 1175 798 1224 corpu',
822 1173 924 1212 uires
1452 1183 1470 1214 5

97 1237 287 1288 reliquere
305 1253 313 1277 ε
343 1246 385 1277 ut
406 1246 514 1277 aetas
535 1240 638 1276 mala
659 1246 717 1276 est
734 1241 741 1276 !
774 1252 875 1277 mers
898 1239 1001 1276 mala
1019 1245 1159 1289 ergost.

98 1317 190 1342 narn
210 1317 270 1342 res
290 1305 490 1354 plurumas
512 1317 728 1353 pessumas,
751 1317 873 1353 quom
894 1303 1068 1350 aduenit,
1090 1304 1155 1341 ad-

13 1369 80 1412 760
96 1370 192 1416 -fert‚
215 1383 313 1420 quas
334 1369 366 1407 si
385 1377 589 1407 autumem
610 1368 750 1415 omnis,
774 1368 890 1406 nimis
911 1370 1042 1418 longu'
1062 1376 1238 1407 sermost.

96 1435 166 1473 sed
186 1435 285 1472 haec
305 1448 365 1473 res
386 1434 482 1471 mihi
503 1433 543 1472 in
564 1442 724 1484 pectore
744 1441 782 1473 et
803 1436 922 1472 corde
943 1441 1110 1481 cmaest,

201 1499 393 1550 quidnam
414 1500 490 1537 hoc
511 1499 561 1537 sit
580 1499 714 1549 negoti
735 1500 846 1549 quod
867 1498 922 1537 sic
943 1498 1022 1536 filia
1450 1511 1490 1534 10

202 1572 365 1614 repente
385 1564 531 1614 expetit
552 1564 626 1611 me,
649 1572 692 1602 ut
711 1565 762 1602 ad
783 1577 869 1602 sese
889 1563 996 1602 irem.

15 1627 77 1673 63²²
204 1643 278 1668 nec
298 1628 395 1679 quid
416 1628 456 1674 id
476 1628 525 1667 sit
545 1628 642 1666 mihi
663 1629 805 1667 certius
826 1628 928 1675 facit,
951 1628 1049 1678 quid

258 1694 362 1732 uelit.
417 1694 515 1744 quid
536 1708 599 1732 me
618 1693 810 1732 accersit?

16 1761 79 1803 64a
97 1772 234 1797 uerum
254 1761 545 1810 propemodum
566 1759 643 1797 iam
665 1759 747 1797 scio
767 1758 864 1809 quid
885 1758 957 1797 siet
977 1758 1041 1797 rei.

12 1825 75 1870 765
95 1825 216 1862 credo
235 1838 327 1862 curn
348 1824 433 1863 uiro
453 1824 619 1874 litigium
639 1832 776 1862 natum
798 1837 882 1862 esse
902 1823 1075 1874 aliquod.
1448 1833 1488 1866 15

95 1887 148 1926 ita
167 1888 287 1927 istaec
307 1891 445 1936 solent,
468 1903 570 1939 quae
591 1889 696 1927 uiros
716 1888 937 1939 supseruire

93 1952 168 1991 sibi
188 1955 399 2004 postulant,
422 1955 518 1992 dote
537 1956 668 2001 fretae,
692 1955 851 1992 feroces.

94 2025 133 2056 et
152 2017 207 2056 illi
226 2032 386 2069 quoque
406 2020 514 2058 haud
534 2019 734 2070 apstinent
754 2032 872 2069 saepe
892 2020 1019 2070 culpa.

137 2132 197 2161 744
236 2122 400 2153 arbitrere
438 2121 567 2153 Luchs:
609 2123 773 2153 arbitrare
807 2122 872 2152 cod.
1019 2133 1071 2153 me
1089 2123 1155 2163 (vel
1188 2124 1278 2156 med)
1313 2124 1432 2156 addidi

93 2163 310 2208 (hominum)
328 2167 498 2197 hominem
516 2165 614 2209 (me)
627 2165 754 2196 Onions
888 2168 951 2205 748
973 2177 1038 2197 om.
1057 2171 1093 2197 tu
1112 2166 1200 2197 codd.
1216 2167 1423 2208 Pr1·sciam'1.,

94 2219 158 2249 239
270 2220 333 2249 749
356 2210 425 2240 uidi
442 2209 535 2240 illum
551 2209 630 2241 PCD
753 2220 816 2250 750
831 2210 867 2249 cs.
888 2209 1036 2249 Lt'ndsay
1047 2210 1150 2249 praef.
1170 2211 1203 2239 in
1222 2210 1311 2250 Capi.
1333 2221 1364 2250 p.
1384 2212 1426 2250 64

95 2261 157 2292 754
181 2253 341 2292 progredi
359 2253 423 2285 cod.
442 2253 476 2295 (i.
496 2253 530 2294 7)
718 2264 780 2294 755
806 2253 904 2284 facile
923 2256 994 2294 (pro
1017 2253 1101 2284 facul
1114 2256 1137 2289 ἓ)
1163 2254 1205 2283 sit
1225 2254 1306 2293 (pro
1322 2255 1388 2285 siet
1398 2256 1424 2295 3)

94 2296 177 2326 mihi
194 2296 280 2328 cod.:
308 2297 378 2328 trat'.
400 2297 504 2327 Bothe
604 2298 734 2336 759—60
758 2297 822 2327 sert
839 2296 883 2327 B¹
1004 2298 1068 2335 760
1091 2297 1191 2336 quas]
1210 2307 1269 2327 eas
1289 2297 1431 2338 Spengel

96 2341 156 2377 762
181 2339 248 2370 filia
272 2340 320 2371 sic
344 2340 409 2372 cod.
430 2352 438 2372 z
461 2341 532 2372 traz‘.
557 2340 698 2381 Spengel
829 2342 890 2379 763
916 2341 964 2371 vel
978 2341 1053 2370 med
1187 2342 1249 2380 764
1273 2346 1426 2372 accersat

93 2381 280 2414 Lambinus
413 2385 475 2424 765
501 2385 607 2423 litigi.
627 2408 634 2416 .
652 2409 658 2416 .
680 2384 806 2424 aliquid
831 2383 973 2425 Spengel
974 2385 1056 2423 sort.
1077 2387 1152 2414 recle
