1727 2712
635 78 896 118 EPIDICVS
1403 77 1432 114 Ι.
1453 75 1468 112 i

107 188 313 235 Mulciber,
336 189 468 235 credo,
490 201 598 226 arma
619 187 710 227 fecit
726 188 827 238 quae
848 187 986 226 habuit
1007 186 1310 238 Stratippocles:

42 265 83 302 35
105 254 398 292 trauolauerunt
418 255 469 293 ad
490 254 623 293 hostis.
686 256 754 292 ΕΡ.
787 261 871 291 tum
893 253 957 292 ille
977 260 1189 303 prognatus
1210 251 1328 291 Theti
1459 259 1497 291 35

104 318 189 358 sine
208 320 371 370 perdat:
400 319 477 357 alia
497 319 765 370 adportabunt
785 318 821 357 ei
842 318 937 357 Neri
958 318 1070 357 filiae.

155 383 197 423 id
218 385 340 423 modo
360 383 581 423 uidendum
598 391 667 432 est,
690 392 732 422 ut
754 383 933 422 materies
956 391 1137 434 suppetat
1157 382 1344 430 scutariis‚'

158 448 190 487 si
210 448 250 487 in
272 449 433 500 singulis
455 449 661 500 stipendiis
683 448 714 487 is
734 450 785 488 ad
806 449 930 488 hostis
953 448 1113 487 exuuias
1134 448 1254 487 dabit.

158 515 237 552 TH.
270 516 483 565 Supersede
515 514 597 553 istis
629 514 736 553 rebu’
769 513 857 552 iam.
933 515 1002 552 ΕΡ.
1041 521 1081 552 tu
1114 513 1197 564 ipse
1229 512 1297 551 ubi
1328 513 1437 551 lubet

1200 579 1319 617 finem
1340 579 1431 616 face

42 662 86 695 40
158 646 237 683 TH.
268 644 415 683 desiste
435 644 710 696 percontarier.
771 646 841 683 ΕΡ.
873 645 1034 695 loquere
1063 644 1174 695 ipse:
1204 643 1309 682 ubist
1338 645 1437 682 Stra·
1456 659 1500 689 40

1217 709 1408 759 tippocles
1422 709 1438 746 ?

157 776 237 813 TH.
267 782 326 814 est
342 788 482 814 caussa
501 788 580 825 qua
600 788 739 814 caussa
758 774 874 814 simul
896 788 1053 814 mecum
1074 774 1128 813 ire
1149 774 1323 813 ueritust.
1366 775 1435 812 ΕΡ.

1075 839 1266 890 quidnam
1288 839 1328 878 id
1349 840 1439 878 est?

158 907 238 944 ΤΗ.
279 913 430 957 patrem
479 905 614 945 uidere
652 920 694 946 se
733 907 869 945 neuolt
911 905 1148 944 etiamnunc.
1229 907 1298 943 ΕΡ.
1347 918 1439 954 qua-

970 972 1159 1021 propter?
1211 972 1292 1008 TH.
1325 969 1435 1009 scies.

158 1035 250 1086 quia
270 1037 396 1075 forma
416 1035 549 1086 lepida
569 1043 607 1075 et
628 1035 997 1086 liberalircaptiuam
1017 1037 1356 1074 adulescentulam

104 1102 154 1140 de
175 1103 320 1152 praeda
340 1110 562 1141 mercatust.
624 1104 694 1141 ΕΡ.
727 1102 825 1153 quid
845 1115 918 1152 ego
939 1116 985 1141 ex
1006 1109 1043 1140 te
1063 1101 1213 1140 audio?
1260 1104 1340 1140 ΤΗ.
1363 1103 1439 1140 hoc

1143 1169 1251 1218 quod
1273 1168 1435 1207 fabulor.

41 1244 82 1281 45
106 1234 177 1272 ΕΡ.
207 1247 280 1283 qur
313 1246 401 1273 eam
435 1233 560 1273 emit?
622 1235 702 1272 ΤΗ.
744 1233 866 1272 animi
898 1247 1045 1272 caussa.
1118 1235 1186 1271 ΕΡ.
1233 1241 1330 1283 quot
1362 1233 1439 1271 illic
1459 1249 1500 1280 45

916 1300 1037 1338 homo
1061 1298 1215 1338 animos
1237 1299 1385 1338 habet?

267 1378 358 1403 nam
380 1372 498 1411 certo,
522 1364 620 1415 priu'
640 1378 759 1415 quam
781 1364 873 1403 hinc
893 1366 944 1403 ad
966 1364 1161 1414 legionem
1182 1363 1279 1403 abiit
1299 1365 1434 1412 domo,

267 1429 350 1479 ipse
371 1430 577 1469 mandauit
598 1429 693 1468 mihi
714 1430 765 1467 ab
786 1431 929 1468 lenone
951 1437 992 1467 ut
1013 1428 1183 1475 fidicina,

160 1508 279 1545 quam
299 1495 473 1542 amabat,
493 1502 688 1533 emeretur
707 1494 792 1533 sibi.
853 1494 892 1532 id
914 1494 949 1532 ei
970 1493 1221 1544 impetratum
1244 1493 1409 1533 reddidi.

160 1560 240 1598 ΤΗ.
288 1567 538 1609 utquomque
572 1558 611 1597 in
640 1560 721 1597 alto
754 1566 924 1605 uentust‚
959 1558 1136 1609 Epidice,
1169 1558 1270 1598 exim
1305 1560 1438 1597 uelum

1263 1624 1438 1663 uortitur.
1503 1651 1506 1656 -

44 1699 88 1735 50
107 1691 176 1728 ΕΡ.
209 1703 281 1729 uae
312 1690 454 1729 misero
483 1689 591 1737 mihi,
615 1691 716 1729 male
736 1689 907 1740 perdidit
936 1692 1022 1728 me!
1079 1690 1158 1727 TH.
1192 1689 1287 1739 quid
1309 1689 1441 1728 istuc?
1460 1705 1500 1736 50

1102 1754 1293 1805 quidnam
1320 1753 1324 1805 l
1351 1756 1441 1793 est?

108 1822 177 1859 ΕΡ.
209 1820 306 1870 quid
335 1820 460 1859 istanc
490 1834 610 1871 quam
641 1820 746 1866 emit,
777 1819 915 1871 quanti
948 1833 1035 1858 eam
1067 1820 1191 1858 emit?
1248 1821 1325 1858 TH.
1359 1819 1438 1858 uili.

917 1887 986 1924 ΕΡ.
1020 1886 1128 1924 haud
1153 1884 1254 1924 istuc
1275 1893 1312 1924 te
1333 1899 1438 1935 rogo.

323 1953 401 1989 TH.
435 1951 531 2002 quid
552 1951 696 2002 igitur?
754 1954 823 1990 EP.
857 1959 954 2002 quot
975 1950 1123 1990 minis?

27 2025 87 2065 52ει
267 2018 346 2055 ΤΗ.
379 2024 460 2055 tot:
491 2017 751 2067 quadraginta
770 2016 897 2055 minis.

106 2080 145 2120 id
165 2083 267 2121 adeo
286 2091 491 2132 argentum
511 2083 563 2121 ab
584 2083 738 2121 danista
757 2084 864 2133 apud
886 2083 1046 2122 Thebas
1063 2083 1231 2133 sumpsit
1251 2084 1409 2122 faenore

149 2182 192 2218 36
215 2181 307 2210 nerei
325 2180 389 2211 cod.
410 2192 416 2211 x
444 2181 566 2211 Neriae
584 2180 744 2211 Dziatzko
864 2192 906 2220 40
940 2182 991 2213 vel
1013 2181 1151 2221 loquere
1170 2193 1176 2211 :
1201 2182 1273 2220 ipse
1399 2192 1439 2219 42

1307 2233 1360 2249 non

107 2267 144 2287 se
178 2257 291 2288 neuolt
318 2257 431 2293 Bothe,
461 2257 662 2289 Hermann:
697 2269 814 2289 senem
842 2269 908 2290 non
942 2259 1014 2290 uult
1039 2258 1106 2290 cod.
1140 2258 1216 2298 (pro
1241 2269 1278 2289 se
1307 2258 1439 2296 neuult)

109 2311 149 2340 47
173 2301 222 2331 vel
236 2301 299 2340 ips’
358 2302 407 2332 vel
422 2302 516 2341 ipsus
530 2313 591 2332 ma.
607 2302 649 2332 mi
739 2312 782 2341 50
805 2303 884 2342 quid
904 2313 979 2333 nam
998 2303 1105 2333 istuc?
1131 2303 1210 2341 quid
1227 2303 1300 2332 est?
1327 2301 1439 2331 Came-

110 2345 217 2375 rarius
305 2355 343 2384 51
364 2346 444 2375 uilei
462 2345 526 2376 cod.
619 2355 660 2384 52
686 2346 872 2385 reddigitur
889 2346 952 2377 cod.
971 2347 1102 2385 (-getu1·
1117 2343 1173 2383 Β3,
1191 2346 1272 2384 quid
1290 2345 1438 2384 igiturJ)

108 2390 251 2428 522—107
273 2394 380 2428 pauca
411 2389 567 2429 leguntur
588 2389 620 2418 A
756 2392 813 2428 52²²
839 2395 888 2420 tot
917 2389 1004 2431 (PE)
1030 2400 1075 2420 an
1103 2393 1196 2420 totus
1221 2388 1269 2430 (B
1292 2392 1330 2419 ut
1352 2388 1437 2429 vid.)

109 2432 213 2463 incert.
234 2432 298 2463 cod.
316 2444 321 2464 :
348 2432 428 2464 totis
445 2432 610 2464 Meursius
627 2434 672 2473 (et
680 2433 764 2475 fort.
786 2434 831 2464 ita
847 2434 880 2464 in
897 2433 978 2474 cod.)
