1727 2712
727 94 954 135 CAPTIVI
1479 93 1509 132 Ι.
1530 94 1560 132 11

177 204 240 243 hic
261 205 386 255 qualis
406 205 615 256 imperator
635 220 742 245 nunc
762 205 934 257 priuatus
955 212 1023 244 est.

178 271 258 308 HE.
305 271 406 310 habe
456 272 577 312 modo
625 272 777 311 bonum
821 270 1010 317 animum,
1055 284 1148 309 nam
1195 270 1305 309 illum
1349 271 1510 311 confido

1342 336 1509 374 domum

174 400 213 439 in
234 400 294 440 his
314 401 454 441 diebus
476 416 539 441 me
558 401 883 441 reconciliassere.

173 479 264 504 narn
285 480 423 505 eccum
444 467 508 506 hic
527 467 727 518 captiuom
746 467 1041 505 adulescentem
1062 467 1217 513 Aleum,
1527 472 1571 505 60

89 541 156 576 170
173 539 406 581 prognatum
427 545 569 582 genere
590 545 746 570 summo
766 539 804 570 et
825 531 988 570 summis
1009 531 1114 570 ditiis
1131 546 1138 569 :

173 597 249 635 hoc
270 596 379 634 illum
402 611 464 636 me
486 595 805 649 mutare—(ER.)
833 597 995 636 confido
1015 598 1107 636 fore.

173 659 287 714 [ER]
317 662 370 700 ita
391 662 430 701 di
452 664 629 713 deaeque
650 663 780 701 faxint.
840 663 910 702 sed
931 676 1027 701 num
1048 676 1129 713 quo
1149 663 1251 701 foras

171 735 336 766 uocatus
355 726 432 780 <es>
451 729 502 767 ad
523 730 692 766 cenam?
750 730 830 766 HE.
864 741 1073 778 nusquam,
1094 729 1202 778 quod
1224 727 1356 766 sciam.

171 792 242 830 sed
263 792 358 842 quid
380 800 421 830 tu
443 793 483 832 id
503 793 686 843 quaeris?
743 795 817 832 ER.
850 792 942 843 quia
963 792 1015 831 mi
1036 800 1095 831 est
1115 792 1255 831 natalis
1276 792 1360 832 dies
1375 807 1386 841 3
1525 799 1568 842 65

88 871 150 908 175
171 865 377 907 propterea
396 856 454 909 (a)
473 865 510 896 te
532 857 664 897 uocari
683 859 735 897 ad
756 866 793 896 te
812 859 863 897 ad
884 871 1023 896 cenam
1046 859 1149 896 uolo.

172 923 253 960 HE.
286 924 410 961 facete
431 923 580 962 dictum
599 926 605 961 ἒ
645 925 714 962 sed
735 923 767 962 si
787 923 1001 974 pauxillum
1023 930 1136 974 potes

169 995 379 1026 contentus
400 1002 495 1027 esse.
556 990 630 1026 ER.
663 1002 713 1027 ne
733 988 1016 1039 perpauxillum
1038 989 1171 1035 modo,

169 1065 261 1089 nam
282 1051 381 1091 istoc
403 1066 466 1091 me
486 1053 655 1092 adsiduo
676 1053 783 1091 uictu
803 1054 959 1092 delecto
979 1053 1090 1092 domi
1106 1068 1116 1101 ;

168 1129 239 1166 age
260 1116 322 1163 sis,
345 1130 437 1167 roga
457 1125 634 1168 emptum
651 1134 658 1156 ε
689 1120 699 1137 ⁶
712 1117 787 1156 nisi
807 1117 875 1168 qui
896 1117 1097 1156 meliorem
1118 1119 1267 1157 adferet
1525 1130 1565 1162 70

86 1188 152 1222 180
168 1194 270 1231 quae
292 1181 386 1219 mihi
406 1190 525 1232 atque
545 1181 681 1221 amicis
701 1183 854 1232 placeat
873 1182 1058 1221 condicio
1079 1182 1225 1233 magis,’

168 1245 280 1296 quasi
300 1247 468 1285 fundum
489 1248 672 1294 uendam,
696 1247 793 1286 meis
813 1261 876 1286 me
896 1247 1080 1286 addicam
1101 1247 1262 1297 legibus.

171 1312 252 1349 HE.
284 1313 526 1362 profundum
548 1311 688 1351 uendis
710 1319 750 1358 tu
772 1311 946 1362 quidem,
969 1312 1046 1350 hau
1068 1313 1248 1358 fundum,
1272 1311 1379 1350 mihi.

168 1377 238 1415 sed
259 1376 289 1415 si
311 1379 521 1425 uenturu's‚
545 1377 720 1428 temperi.
781 1379 854 1415 ER.
887 1391 962 1424 ern,
985 1378 1048 1416 uel
1069 1377 1146 1416 iam
1168 1377 1293 1415 otium
1312 1384 1381 1416 est.

169 1444 249 1481 HE.
282 1442 294 1480 i
314 1444 448 1490 modo,
470 1456 614 1481 uenare
635 1443 832 1492 leporem:
862 1455 969 1481 nunc
989 1442 1074 1480 irim
1097 1449 1207 1481 tenes
1222 1456 1232 1490 ;
1524 1453 1562 1487 75

85 1511 146 1555 185
167 1521 259 1546 narn
280 1509 382 1546 meu’
403 1521 630 1558 scruposam
652 1507 779 1546 uictus
801 1515 1015 1546 commetat
1035 1506 1151 1546 uiam.

168 1573 242 1610 ER.
275 1585 493 1622 numquam
514 1572 613 1611 istoc
634 1571 770 1611 uinces
792 1585 868 1620 me,
890 1571 1033 1622 Hegio,
1058 1586 1107 1611 ne
1128 1574 1326 1623 postules:

166 1650 258 1675 cum
278 1637 460 1675 calceatis
480 1637 667 1676 dentibus
687 1636 844 1676 ueniam
866 1644 1009 1676 tamen.

167 1703 249 1740 HE.
280 1715 392 1752 asper
413 1703 515 1740 meu'
535 1701 663 1740 uictus
683 1715 778 1741 sane
798 1709 867 1741 est.
927 1703 1002 1740 ER.
1034 1702 1208 1741 sentisne
1228 1702 1393 1742 essitas?

167 1769 248 1806 HE.
281 1767 468 1806 terrestris
488 1781 587 1806 cena
606 1775 675 1806 est.
735 1770 809 1807 ER.
841 1781 906 1807 sus
928 1768 1115 1807 terrestris
1136 1768 1261 1808 bestia
1280 1776 1349 1808 est.
1517 1777 1560 1808 80

84 1848 149 1883 190
167 1835 248 1872 HE.
281 1833 413 1872 multis
433 1832 644 1872 holeribus.
704 1835 778 1872 ER.
811 1841 946 1873 curato
965 1841 1145 1884 aegrotos
1165 1834 1285 1873 domi.

166 1898 360 1949 numquid
417 1898 506 1937 uis?
581 1900 661 1936 HE.
712 1898 848 1937 uenias
904 1899 1080 1949 temperi.
1159 1900 1234 1938 ER.
1284 1913 1499 1938 memorem

1294 1978 1499 2004 mone-S.—

168 2030 246 2068 HE.
280 2029 346 2068 ibo
366 2029 468 2068 intro
488 2037 607 2080 atque
628 2028 732 2068 intus
752 2029 973 2068 subducam
994 2028 1266 2077 ratiunculam,

213 2134 275 2172 169
302 2134 383 2174 sort.
410 2133 555 2176 (alium)
586 2133 638 2172 A.,
669 2143 750 2164 nam
786 2134 897 2163 hiatus
929 2143 1004 2164 nam
1037 2133 1042 2174 Ι
1072 2143 1185 2164 eccum
1216 2133 1221 2173 Ι
1252 2133 1306 2164 hic
1337 2133 1500 2174 displicent

170 2186 225 2215 171
255 2177 317 2208 ER.
337 2177 387 2208 hic
399 2178 496 2215 posui
602 2177 688 2217 sore]
708 2181 787 2217 pote
803 2176 944 2207 Mueller
1045 2186 1105 2215 172
1130 2177 1240 2216 deque
1257 2177 1333 2217 (pro
1350 2178 1497 2218 deeque)

164 2219 230 2252 cod.
364 2231 424 2260 173
447 2232 484 2251 es
501 2220 577 2251 add.
591 2220 665 2251 Ital.
801 2230 860 2260 175
877 2230 896 2251 a
909 2219 984 2251 add.
1000 2219 1128 2251 Schoell
1213 2221 1254 2252 ad
1272 2225 1305 2251 te
1321 2221 1361 2251 ad
1379 2231 1496 2252 cenam

164 2262 304 2295 Schoell:
329 2265 371 2295 ad
389 2270 422 2295 te
439 2275 515 2295 nam
530 2274 607 2295 corr.
625 2275 663 2294 ex
677 2264 718 2294 ad
730 2268 762 2294 te
779 2264 821 2294 ad
838 2268 871 2294 te
886 2274 960 2294 nam
972 2262 1038 2294 cod.
1055 2266 1092 2293 ut
1101 2262 1163 2294 vid.
1260 2265 1321 2302 176
1343 2263 1494 2303 pauxillo

166 2310 173 2322 ⁴
186 2307 260 2336 libri
274 2312 387 2339 veteres
396 2307 555 2348 plerique'
573 2306 732 2337 Lambini
887 2317 944 2346 177
972 2311 1188 2346 contemptus
1209 2305 1274 2338 cod.
1435 2317 1496 2348 179

163 2350 216 2380 aie
228 2350 292 2382 cod.
429 2352 489 2390 185
514 2361 582 2381 non
599 2349 664 2382 cod.
684 2351 709 2392 (2
719 2356 781 2391 pro
799 2354 839 2387 fi;
863 2351 918 2381 vii.
938 2350 974 2391 2)
