1727 2712
691 148 1022 188 AVLVLARIA
1448 144 1517 184 IV.
1536 141 1552 183 ί

103 276 169 314 595
191 261 302 313 quasi
322 262 432 313 pueri
452 261 520 312 qui
540 275 632 301 nare
653 261 811 301 discunt
831 260 982 311 scirpea
1002 258 1177 298 induitur
1196 258 1298 304 ratis,

189 327 257 377 qui
278 328 457 366 laborent
478 326 612 375 minu',
633 327 783 366 facilius
803 333 846 364 ut
866 333 962 365 nent
982 333 1020 364 et
1042 332 1229 363 moueant
1250 336 1400 369 manus,
1543 335 1582 358 10

189 393 332 431 eodem
353 394 475 432 modo
496 407 652 432 seruom
673 399 795 431 ratem
816 405 901 430 esse
921 389 1069 429 amanti
1090 404 1157 429 ero
1177 402 1347 440 aequom
1364 400 1520 434 censeo,

189 465 232 496 ut
252 459 400 505 toleret,
424 472 474 497 ne
494 472 652 509 pessum
673 458 789 496 abeat
809 464 1012 507 tamquam
1033 452 1349 508 (catapirateria).

189 523 242 561 eri
264 523 330 577 ille
348 523 556 574 imperium
577 523 736 570 ediscat,
760 529 802 560 ut
822 522 932 572 quod
953 523 1058 560 frons
1080 520 1174 559 uelit
1195 519 1298 558 oculi
1319 518 1468 566 sciant;

101 591 172 627 600
189 590 298 639 quod
319 588 453 628 iubeat
473 588 559 627 citis
580 587 778 639 quadrigis
799 587 913 626 citius
934 593 1117 637 properet
1138 584 1329 636 persequi.

189 653 256 704 qui
277 667 323 693 ea
343 654 495 693 curabit
515 653 729 705 apstinebit
749 651 936 691 censione
957 651 1118 698 bubula,
1545 661 1581 693 15

190 732 262 757 nec
283 732 353 757 sua
373 733 491 770 opera
511 718 660 768 rediget
680 731 869 768 umquam
891 718 930 755 1'n
951 717 1204 767 splendorem
1225 713 1440 765 compedis.

190 797 296 823 nunc
317 786 396 823 eru'
418 798 528 823 meus
548 791 653 822 amat
675 783 795 822 filiam
818 782 948 821 huiius
972 781 1175 820 Euclionis
1197 779 1379 832 pauperis
1394 795 1404 828 ;

188 863 276 888 eam
298 863 364 888 ero
385 864 492 888 nunc
513 848 778 888 renuntiatum
801 855 859 887 est
881 854 1049 898 nuptum
1071 846 1163 885 huic
1186 846 1404 897 Megadoro
1425 843 1518 883 dari.

100 917 165 961 605
188 914 219 952 is
240 916 486 965 speculatum
508 915 585 953 huc
606 913 710 952 misit
732 927 806 960 me,
829 920 871 951 ut
892 926 993 962 quae
1014 913 1151 950 fierent
1172 912 1279 950 fieret
1301 909 1504 960 particeps.

188 993 294 1018 nunc
316 980 400 1019 sine
421 980 531 1018 omni
550 978 776 1028 suspicione
798 977 836 1015 in
858 991 924 1015 ara
943 977 1007 1015 hic
1027 976 1208 1015 adsidam
1229 989 1362 1022 sacra;
1543 986 1584 1008 20

188 1045 281 1085 hinc
302 1059 374 1096 ego
395 1052 432 1084 et
453 1046 531 1083 huc
551 1052 590 1084 et
611 1044 701 1082 illuc
722 1051 860 1094 potero
880 1043 977 1093 quid
997 1050 1114 1093 agant
1133 1040 1362 1081 arbitrarier.

401 1204 613 1241 Echlo
727 1203 1044 1240 chorslnls
1096 1203 1313 1239 SEvas
1540 1191 1570 1230 ii

192 1304 290 1342 Evc.
320 1304 383 1340 Tu
405 1303 526 1341 modo
547 1315 644 1340 caue
660 1300 876 1351 quoiquam
898 1299 1102 1339 indicassis
1124 1312 1262 1337 aurum
1284 1311 1416 1337 meum
1438 1310 1523 1336 esse

1261 1363 1358 1410 istic,
1384 1362 1523 1402 Fides:

190 1446 271 1471 non
310 1440 445 1471 metuo
483 1445 533 1470 ne
572 1431 781 1481 quisquam
818 1430 1003 1477 inueniat,
1037 1429 1091 1468 ita
1128 1429 1251 1480 probe
1290 1428 1329 1466 in
1368 1428 1525 1468 latebris

1356 1493 1521 1532 situmst.

102 1569 173 1604 610
191 1563 333 1614 edepol
350 1576 399 1601 ne
415 1562 493 1601 illic
509 1563 713 1613 pulchram
731 1562 916 1611 praedam
938 1568 1037 1611 agat,
1053 1559 1084 1598 si
1100 1559 1187 1610 quis
1203 1559 1309 1598 illam
1331 1558 1524 1598 inuenerit

190 1629 320 1666 aulam
350 1635 531 1666 onustam
561 1627 670 1674 auri,·
711 1640 846 1665 uerum
878 1625 918 1665 id
949 1634 986 1664 te
1016 1639 1164 1676 quaeso
1198 1632 1240 1663 ut
1270 1624 1520 1675 prohibessis‚

1392 1689 1519 1728 Fides.

191 1771 297 1796 nunc
317 1757 470 1804 lauabo,
489 1764 531 1795 ut
552 1770 633 1795 rem
654 1756 831 1795 diuinam
853 1755 1004 1803 faciam,
1024 1769 1073 1794 ne
1093 1756 1266 1794 adfinem
1288 1768 1416 1793 morer
1544 1762 1562 1794 5

191 1822 287 1872 quin
308 1822 376 1861 ubi
395 1830 569 1861 accersat
590 1835 719 1860 meam
741 1823 939 1872 extemplo
960 1820 1080 1858 filiam
1101 1821 1220 1859 ducat
1240 1820 1416 1859 domum.

191 1886 295 1934 uide,
319 1887 447 1933 Fides,
471 1887 588 1926 etiam
618 1894 737 1936 atque
766 1886 882 1925 etiam
915 1899 1032 1932 nunc,
1055 1886 1205 1924 saluam
1226 1892 1268 1924 ut
1297 1887 1426 1924 aulam
1453 1899 1523 1937 aps

1268 1959 1306 1990 te
1325 1953 1499 1991 auferam
1516 1967 1524 1991 ε

104 2018 170 2063 615
192 2023 282 2056 tuae
302 2018 380 2056 fide
401 2015 630 2056 concredidi
651 2029 804 2064 aurum,
825 2015 864 2054 in
886 2024 955 2054 tuo
976 2017 1066 2055 luco
1087 2024 1126 2055 et
1146 2017 1239 2055 fano
1260 2024 1317 2055 est
1338 2016 1467 2056 situm.

234 2131 297 2161 595
321 2121 434 2161 scirpo
458 2120 524 2152 cod.
543 2121 707 2159 Fest1'330
725 2120 796 2159 (sed
815 2121 951 2159 scirpea
971 2121 1058 2160 166),
1077 2120 1206 2151 Donati
1219 2121 1266 2152 ad
1280 2120 1373 2152 And.
1392 2130 1421 2160 5,
1435 2131 1466 2161 4,
1480 2123 1524 2161 38

190 2166 255 2204 598
279 2170 315 2196 ut
331 2164 451 2206 (eum)
468 2165 562 2195 Ham:
636 2164 769 2195 tolleret
787 2164 850 2195 cod.
920 2165 1024 2205 suppl.
1047 2163 1234 2195 Lambinus
1255 2165 1315 2203 (iii.
1333 2167 1368 2205 4)
1459 2175 1525 2206 599

191 2209 240 2239 eri
258 2208 313 2239 ille
335 2207 499 2249 Wagner:
523 2208 631 2238 herile
648 2207 712 2238 cod.
857 2209 921 2246 603
948 2208 1033 2238 Nam
1050 2208 1136 2238 Brix
1277 2209 1343 2239 608
1365 2209 1522 2248 quiquam

191 2252 235 2282 Β3
246 2256 283 2283 ut
297 2251 380 2283 vids
405 2252 583 2292 quicquam
601 2251 678 2281 PBD
767 2251 953 2282 indicasses
971 2252 1049 2292 (-sis
1066 2250 1115 2291 D)
1127 2250 1191 2282 cod.
1318 2253 1384 2291 609
1402 2252 1523 2292 probet

190 2305 267 2326 corr.
288 2296 392 2335 probe
409 2295 475 2326 cod.
590 2297 655 2333 613
680 2305 788 2325 meam
806 2294 918 2325 Hare:
949 2305 1002 2325 me
1020 2305 1128 2325 meam
1145 2294 1209 2326 cod.
1231 2296 1288 2335 (iv.
1306 2296 1341 2335 3)
1458 2297 1523 2335 615

191 2338 268 2369 sano
291 2350 318 2370 e.
339 2349 365 2370 s.
388 2338 548 2378 Pylades:
573 2339 652 2369 sano
676 2339 774 2368 modo
795 2343 847 2369 est
867 2338 969 2369 situm
994 2338 1058 2369 cod.
1081 2340 1133 2380 (ex
1155 2338 1276 2379 duplici
1296 2338 1422 2370 lectione
1445 2340 1523 2370 fano

192 2383 290 2413 modo
307 2387 335 2413 et
350 2383 430 2413 sano
448 2387 500 2413 est
517 2383 617 2413 situm
635 2381 829 2422 conflatum)
