1727 2712
661 110 1009 150 AMPHITRVO
1434 110 1488 148 ΙΙ.
1509 108 1524 145 i

76 233 141 272 595
162 236 293 273 neque
312 221 383 260 tibi
405 221 505 260 istuc
526 220 668 260 mirum
687 219 866 273 (mirum)
880 220 993 270 magi'
1013 220 1171 259 uidetur
1190 231 1310 270 quam
1331 218 1439 257 mihi.

162 289 244 326 AM.
268 301 349 337 quo
370 288 521 326 modo?
575 288 640 326 So.
663 285 799 334 nihilo,
817 286 992 336 inquam,
1010 285 1153 323 mirum
1174 284 1288 335 magi'
1309 284 1379 322 tibi
1395 283 1495 322 istuc

1232 363 1353 399 quam
1375 348 1496 395 mihi3

159 431 300 468 neque,
323 417 377 456 ita
397 431 461 456 me
481 417 521 456 di
541 425 685 464 ament,
709 417 921 455 credebam
942 415 1070 466 primo
1091 414 1271 453 mihimet
1291 413 1437 460 Sosiae,

159 483 290 521 donec
310 482 422 529 Sosia
441 481 518 520 illic
539 490 696 532 egomet
716 481 807 520 fecit
827 481 902 519 sibi
922 480 980 519 uti
1000 481 1212 519 crederem.
1516 485 1556 518 55

159 547 298 586 ordine
336 561 466 595 omne,
500 547 557 586 uti
596 547 773 598 quidque
811 553 944 585 actum
983 553 1053 593 est,
1089 546 1185 584 dum
1224 545 1331 594 apud
1371 543 1494 581 hostis

1306 608 1492 657 sedimus,

72 683 144 717 600
161 677 418 716 edissertauit.
479 686 561 716 tum
583 679 749 717 formam
770 691 849 715 una
867 676 1029 727 apstulit
1049 689 1140 714 cum
1162 674 1335 714 nomine.

160 757 290 793 neque
310 744 398 781 lact’
418 743 528 781 laetis
545 743 667 793 magis
689 751 746 781 est
767 742 894 781 simile
910 755 1029 792 quam
1046 741 1110 780 ille
1126 754 1200 791 ego
1221 740 1386 779 similest
1402 740 1490 778 mei.

157 822 250 846 nam
271 816 313 846 ut
328 809 481 847 dudum
497 816 588 847 ante
608 810 738 846 lucem
758 822 781 846 a
801 815 915 858 portu
937 821 1001 846 me
1021 805 1255 857 praemisisti
1271 807 1493 844 domum—

156 875 240 911 ΑΜ.
272 873 368 923 quid
389 873 532 924 igitur?
582 875 646 912 So.
679 873 776 924 priu'
798 874 923 911 multo
943 880 1035 911 ante
1054 871 1165 911 aedis
1186 871 1340 910 stabam
1362 885 1479 921 quam
1512 877 1555 910 60

1148 937 1217 976 illo
1236 938 1488 976 adueneram.

157 1006 241 1043 AM.
273 1019 382 1056 quaS,
406 1007 569 1054 malum,
589 1007 743 1055 nugas?
772 1004 873 1043 satin
894 1012 936 1043 tu
963 1018 1081 1043 sanus
1102 1005 1174 1043 es?
1230 1005 1295 1042 So.
1328 1003 1383 1042 sic
1404 1017 1491 1041 sum

1304 1077 1346 1107 ut
1366 1068 1488 1107 uides.

69 1141 138 1187 605
160 1137 242 1174 AM.
277 1136 369 1175 huic
389 1135 541 1175 homini
563 1136 797 1186 nescioquid
817 1143 876 1174 est
897 1135 989 1174 mali
1010 1136 1113 1174 mala
1133 1134 1335 1174 obiectum
1358 1148 1488 1182 manu,

157 1209 367 1252 postquam
387 1215 411 1239 a
431 1215 494 1240 me
514 1200 621 1239 abiit.
680 1203 744 1240 SO.
772 1203 906 1249 fateor,
930 1215 1022 1239 nam
1043 1215 1131 1239 sum
1158 1208 1323 1251 optusus
1350 1200 1491 1250 pugnis

1294 1279 1487 1316 pessume.

155 1333 239 1370 AM.
270 1332 357 1383 quis
378 1340 416 1371 te
437 1332 689 1371 uerberauit?
731 1333 796 1370 So.
827 1339 984 1382 egomet
1006 1338 1167 1379 memet,
1187 1331 1254 1382 qui
1276 1345 1382 1370 nunc
1402 1345 1489 1369 sum

1367 1396 1487 1435 dorni.

155 1465 237 1501 AM.
270 1476 367 1502 caue
388 1462 613 1513 quicquam,
637 1462 711 1500 nisi
733 1463 841 1512 quod
863 1462 1011 1512 rogabo
1032 1469 1084 1509 te,
1106 1461 1201 1499 mihi
1223 1461 1483 1512 responderis.
1510 1472 1551 1513 65

155 1528 337 1567 omnium
358 1528 528 1579 primum
549 1528 622 1566 iste
642 1527 710 1578 qui
731 1527 779 1566 sit
800 1527 925 1575 Sosia,
945 1528 1022 1565 hoc
1043 1527 1122 1566 dici
1143 1529 1247 1566 uolo.

67 1599 139 1634 610
157 1596 222 1634 So.
254 1602 343 1633 tuos
368 1602 426 1633 est
453 1607 598 1634 seruos.
658 1595 739 1631 AM.
773 1592 869 1630 mihi
899 1592 1062 1643 quidem
1093 1606 1174 1631 uno
1199 1600 1236 1632 te
1263 1595 1351 1643 plus
1371 1592 1489 1632 etiam

1164 1666 1222 1696 est
1242 1672 1362 1709 quam
1383 1660 1486 1706 uolo,

155 1739 286 1776 neque
305 1733 517 1776 postquam
538 1738 625 1764 sum
647 1733 761 1763 natus
782 1724 904 1763 habui
924 1723 998 1762 nisi
1020 1732 1058 1762 te
1078 1737 1235 1762 seruom
1257 1723 1421 1762 Sosiam.

153 1792 218 1829 So.
250 1798 289 1829 at
309 1805 382 1842 ego
403 1805 520 1838 nunc,
544 1791 794 1841 Amphitruo,
817 1790 931 1829 dico:
963 1790 1116 1828 Sosiam
1137 1803 1294 1828 seruom
1315 1797 1426 1828 tuom

152 1864 304 1906 praeter
331 1870 394 1895 me
421 1858 598 1903 alterum,
623 1856 795 1906 inquam,
826 1855 1044 1894 adueniens
1071 1854 1212 1893 faciam
1240 1862 1283 1893 ut
1310 1856 1488 1894 offendas
1511 1869 1552 1904 70

1365 1920 1485 1966 domi,

156 1989 273 2026 Dauo
299 1995 534 2039 prognatum
562 1995 670 2038 patre
698 1987 840 2026 eodem
871 2000 951 2037 quo
978 2000 1052 2036 ego
1079 2000 1177 2032 sum,
1202 1987 1336 2032 forma,
1360 1993 1488 2024 aetate

1394 2059 1487 2089 item

67 2127 134 2172 615
155 2132 233 2168 qua
253 2132 326 2169 ego
347 2133 445 2158 sum.
487 2118 583 2169 quid
604 2126 720 2169 opust
741 2118 901 2158 uerbis?
928 2117 1108 2168 geminus
1129 2117 1242 2156 Sosia
1262 2117 1326 2155 hic
1346 2118 1488 2155 factust

1404 2181 1484 2220 tibi.

156 2286 743 2372 miza?22¹2,-z?'‘i1552'5²2{2²382>
866 2287 937 2361 ⁵351
956 2286 1373 2362 ¹1¹}2‘32t53‘5t2‘33'J15351'5505.
1390 2284 1488 2370 8¹¹?

155 2376 220 2414 614
246 2382 447 2416 pregnatum
464 2375 530 2406 cod.
666 2376 730 2413 615
755 2375 845 2414 quod
863 2374 928 2406 cod.
