1727 2702
148 94 187 132 II
222 95 252 132 ii
643 97 688 133 T.
723 96 901 136 MACCI
934 97 1136 135 PLAVTI

277 204 346 243 Cr„
379 204 474 254 quin
498 205 590 243 mihi
613 205 835 244 ancillulam
859 205 1030 256 ingratiis
1052 207 1233 256 postulat,

273 283 374 319 quae
396 283 482 308 mea
503 278 571 316 est,
594 284 695 320 quae
716 284 806 309 meo
826 272 969 309 educta
988 279 1147 322 sumptu
1168 271 1250 319 siet,

489 334 608 373 uilico
628 349 700 374 suo
720 349 762 374 se
783 337 886 382 dare,
1571 347 1635 385 195

159 410 197 442 25
327 400 396 437 sed
417 398 523 449 ipsus
545 412 630 437 eam
651 406 767 437 amat.
830 400 912 437 Mv.
945 412 1120 449 opsecro,
1573 413 1652 453 1951ἱ

379 462 479 510 dice,
503 475 594 501 nam
616 462 679 501 hic
701 476 806 502 nunc
826 462 917 502 licet
937 463 1091 503 dicere:

326 541 398 566 nos
419 541 564 566 sumus.
624 528 694 567 CL.
728 527 780 566 ita
800 535 868 567 est.
931 529 1013 566 Μγ.
1046 530 1152 568 unde
1172 542 1218 568 ea
1239 529 1309 568 tibi
1331 531 1422 569 est?
1572 537 1695 580 197—8·

271 606 361 631 nam
384 592 512 643 peculi
533 593 697 643 probam
719 592 773 630 nil
794 593 938 632 habere
958 594 1125 632 addecet
1695 634 1703 654 „

269 660 369 696 clam
391 657 532 703 uirum,
553 657 591 696 et
611 670 712 707 quae
733 657 864 705 habet,
886 665 1040 708 partum
1061 657 1096 697 ei
1117 659 1194 697 hau
1215 660 1428 699 commode
1448 666 1517 707 est,
1567 673 1636 698 200
1694 653 1703 708 ἶ

156 736 197 766 30
270 722 365 772 quin
388 722 471 760 uiro
491 729 557 760 aut
579 723 781 772 suptrahat
800 729 868 760 aut
888 730 1023 773 stupro
1044 722 1249 762 inuenerit.
1697 719 1700 721 ’

270 788 347 825 hoc
367 786 437 825 uiri
459 799 604 825 censeo
624 800 710 825 esse
730 800 849 826 omne
869 786 1065 838 quidquid
1085 795 1195 826 tuom
1216 796 1285 827 est.

216 852 286 892 CL.
320 860 360 890 tu
395 851 557 902 quidem
596 853 809 890 aduorsum
845 859 953 890 tuam
987 852 1155 891 amicam
1191 853 1324 893 omnia
1363 853 1543 904 loqueris.

1260 919 1341 956 Μγ.
1375 926 1460 958 tace
1481 918 1544 966 sis,

429 982 557 1028 stulta,
581 988 618 1019 et
640 980 692 1019 mi
713 982 899 1020 ausculta.
960 981 1040 1020 noli

430 1046 481 1085 sis
502 1054 542 1084 tu
565 1046 642 1085 illic
661 1046 874 1094 aduorsari,
1565 1061 1631 1098 205

155 1120 194 1152 35
214 1112 298 1151 sine
324 1119 443 1159 amet,
463 1112 546 1150 sine
573 1112 682 1161 quod
709 1112 818 1151 lubet
845 1111 885 1151 id
911 1112 1038 1161 faciat,
1060 1114 1222 1163 quando
1252 1113 1321 1152 tibi
1353 1114 1405 1152 nil
1435 1113 1543 1153 domi
1567 1117 1680 1160 206-7

1253 1180 1450 1219 delicuom
1472 1187 1540 1218 est.

213 1243 284 1281 CL.
317 1241 416 1280 satin
438 1254 533 1280 sana
553 1244 623 1280 es?
653 1254 743 1280 nam
761 1242 966 1293 tuquidem
983 1244 1175 1282 aduorsus
1191 1252 1298 1282 tuam
1320 1244 1439 1283 istaec
1461 1258 1540 1283 rem
1564 1248 1679 1291 208-9

993 1310 1163 1359 loquere.
1225 1311 1307 1348 Mv.
1340 1309 1538 1360 insipiens,

212 1386 366 1424 semper
382 1380 423 1411 tu
444 1371 536 1411 huic
557 1372 681 1412 uerbo
696 1372 819 1411 uitato
835 1387 905 1424 aps
932 1382 1000 1412 tuo
1027 1374 1121 1413 uiro.
1173 1375 1242 1414 CL.
1275 1374 1368 1425 quoi
1386 1375 1541 1413 uerbo?
1560 1385 1668 1411 210-2

1108 1441 1189 1477 Mv.
1223 1439 1232 1477 i
1255 1440 1367 1487 foras,
1390 1439 1538 1478 mulier.

269 1505 338 1542 CL.
372 1510 405 1542 st
423 1506 430 1541 Ξ
465 1510 561 1541 tace.
623 1503 705 1541 Mv.
737 1503 834 1553 quid
855 1505 942 1542 est?
999 1504 1068 1543 CL.
1101 1518 1163 1542 em
1182 1507 1188 1542 ἔ
1248 1506 1328 1543 Μγ.
1361 1504 1449 1555 quis
1470 1512 1539 1551 est,

821 1581 939 1618 quem
961 1568 1103 1608 uides?
1160 1571 1229 1609 CL.
1262 1570 1321 1608 uir
1340 1583 1478 1609 eccum
1500 1569 1539 1608 it.

266 1633 369 1671 intro
389 1632 464 1679 abi,
487 1633 717 1683 adpropera‚
740 1645 812 1683 age
831 1633 986 1671 amabo.
1048 1636 1130 1672 Mv.
1165 1636 1358 1686 impetras,
1381 1636 1492 1673 abeo.

151 1708 193 1737 40
375 1699 445 1735 CL.
479 1709 569 1735 mox
590 1697 712 1747 magis
733 1710 855 1748 quom
877 1698 1000 1736 otium
1021 1698 1096 1751 (et)
1116 1699 1209 1738 mihi
1231 1708 1269 1737 et
1290 1699 1358 1738 tibi
1381 1699 1465 1746 erit,
1561 1712 1627 1749 215

375 1762 489 1812 igitur
510 1770 640 1801 tecum
662 1764 809 1813 loquar.
870 1777 975 1802 nunc
997 1766 1094 1803 uale.
1156 1767 1238 1803 Mv.
1271 1766 1469 1803 ualeam.—

145 1872 188 1908 iii
469 1874 794 1910 Lvsinstmvs
907 1874 1278 1912 Cervs‘rRATA

213 1956 281 1992 Lv.
315 1952 503 1991 Omnibu'
525 1953 640 1991 rebus
661 1967 734 2004 ego
755 1968 928 1993 amorem
951 1957 1071 1994 credo
1091 1963 1128 1994 et
1150 1956 1332 1994 nitoribu'
1353 1956 1486 1995 nitidis

587 2019 814 2058 anteuenire
836 2034 908 2059 nec
930 2021 1032 2071 potis
1559 2027 1651 2066 217⁸

257 2131 313 2161 194
340 2123 461 2154 educta
487 2122 581 2155 lma:
617 2123 759 2154 educata
785 2123 850 2154 cod.
998 2134 1056 2163 195
1080 2135 1118 2155 se
1146 2134 1207 2155 suo
1235 2124 1337 2155 Bothe
1479 2126 1541 2164 196

213 2166 286 2196 dice
303 2166 434 2206 scripsi:
459 2172 532 2197 tace
549 2166 608 2197 cod
764 2178 828 2198 200
853 2168 901 2199 et]
917 2173 967 2198 set
983 2168 1034 2198 w!
1047 2169 1094 2198 sei
1127 2167 1261 2207 Sejsffv’!
1364 2169 1539 2199 commode

212 2207 368 2249 Lipsius:
393 2211 557 2240 commodi
575 2210 641 2241 cod.
777 2221 839 2250 203
863 2211 922 2242 del.
951 2217 1042 2242 tuam
1068 2211 1201 2245 Sd10cll,
1229 2215 1264 2241 u!
1285 2222 1394 2242 vcrsus
1413 2213 1540 2242 creta-us

209 2253 270 2290 fia!
347 2264 410 2292 209
435 2254 495 2283 ista
512 2253 578 2284 cod.
660 2264 721 2284 212
747 2255 776 2283 ci
793 2254 857 2284 md.
876 2255 1009 2293 (forma
1027 2255 1177 2294 antiqua)
1255 2265 1317 2292 2¹3
1341 2255 1387 2294 st]
1408 2260 1458 2285 est
1471 2254 1536 2286 cod.

213 2297 249 2333 (i,
271 2307 299 2335 p.
319 2299 375 2336 273
489 2306 550 2334 215
576 2297 653 2326 mihi
673 2301 706 2326 et
725 2297 781 2327 tibi
801 2299 864 2327 crit
881 2297 945 2328 cod.
968 2297 1017 2335 (vt
1036 2298 1114 2328 mihi
1133 2298 1196 2328 erit
1214 2303 1246 2328 et
1261 2298 1318 2328 tibi
1332 2298 1374 2338 J)
1477 2307 1538 2338 2¹7

214 2339 304 2370 itidis
321 2339 384 2370 md.
406 2339 539 2378 (nitidis
557 2339 598 2379 J)
