1727 2712
675 123 1023 164 AMPHITRVO
1454 132 1502 169 v.
1523 118 1538 169 ἰ

178 225 278 265 erilis
299 230 511 278 praeuertit
531 240 659 271 metus
679 248 685 270 :
715 247 888 280 accurro,
912 242 954 272 ut
975 235 1139 274 sciscam
1161 237 1256 286 quid
1277 237 1381 277 uelit.

65 299 158 334 1070
174 298 293 341 atque
314 292 419 331 illam
439 295 619 344 geminos
640 297 740 336 filios
760 312 903 348 pueros
924 301 1122 350 peperisse
1143 303 1350 353 conspicor
1365 319 1374 352 ;

175 369 303 406 neque
337 366 514 399 nostrum
548 362 758 413 quisquam
792 365 997 413 sensimus,
1030 380 1152 417 quom
1182 369 1343 419 peperit,
1375 384 1505 421 neque

1244 435 1500 484 prouidimus.

226 488 296 526 sed
316 488 412 538 quid
433 491 540 530 hoc?
568 493 656 543 quis
685 494 748 534 hic
769 502 827 534 est
854 509 974 535 senex
1003 497 1070 547 qui
1098 506 1190 537 ante
1217 499 1326 539 aedis
1350 508 1502 539 nostras
1524 517 1564 539 20

1293 565 1348 603 sic
1374 565 1502 605 iacet?

492 634 683 661 numnam
705 625 810 663 hunc
831 626 1022 676 percussit
1044 627 1250 678 Iuppiter?

169 683 288 721 credo
321 684 475 734 edepol,
508 700 599 725 nam
634 702 704 738 pro
737 690 915 740 Iuppiter
944 693 1137 742 sepultust
1172 694 1283 744 quasi
1319 695 1367 733 sit
1402 709 1500 734 mor-

1397 769 1495 801 tuos.

56 821 144 859 1075
167 810 233 850 ibo
267 821 305 851 et
339 828 591 865 cognoscam,
625 818 802 870 quisquis
836 828 905 860 est.
965 823 1205 874 Amphitruo
1238 825 1302 863 hic
1336 827 1497 876 quidem

1161 887 1255 941 (est)
1273 892 1352 928 eru’
1372 905 1495 930 meus.

165 943 414 993 Amphitruo.
492 949 576 985 AM.
607 949 714 998 perii.
798 952 871 989 BR.
904 965 1028 1002 surge.
1089 955 1171 992 AM.
1204 953 1342 994 interii.
1420 959 1493 996 BR.

696 1016 797 1054 cedo
818 1030 991 1056 manum.
1051 1021 1134 1057 AM.
1166 1019 1254 1070 quis
1277 1035 1339 1060 me
1360 1025 1497 1062 tenet?

163 1075 238 1113 BR.
271 1083 337 1115 tua
367 1079 526 1118 Bromia
554 1081 706 1120 ancilla.
779 1085 862 1122 AM.
895 1092 1000 1124 totus
1028 1086 1160 1134 timeo,
1188 1087 1242 1127 ita
1262 1091 1353 1128 med
1375 1090 1494 1130 incre·
1516 1108 1553 1140 ²5

1197 1153 1281 1203 puit
1303 1155 1490 1205 Iuppiter.

162 1219 236 1245 nec
256 1220 369 1246 secus
389 1217 448 1247 est
468 1210 579 1260 quasi
600 1211 631 1249 si
652 1213 703 1251 ab
724 1215 976 1255 Accherunte
1001 1217 1169 1256 ueniam.
1230 1220 1300 1258 sed
1327 1220 1423 1270 quid
1451 1229 1491 1260 tu

1390 1288 1491 1325 foras

160 1350 313 1387 egressa
328 1340 400 1378 es?
451 1342 524 1379 BR.
552 1343 691 1382 eadem
708 1357 780 1383 nos
801 1345 972 1385 formido
994 1347 1151 1387 timidas
1171 1357 1315 1389 terrore
1336 1351 1491 1402 impulit

49 1406 141 1440 1080
160 1400 198 1438 in
219 1403 384 1442 aedibus
405 1412 446 1443 tu
468 1406 536 1444 ubi
557 1407 720 1446 habitas.
782 1410 902 1449 nimia
923 1411 1019 1450 mira
1039 1413 1132 1452 uidi.
1193 1429 1266 1454 uae
1287 1417 1394 1464 mihi,

158 1467 490 1517 Amphitru031ta
506 1471 602 1510 m1h1
616 1486 772 1512 animus
785 1475 903 1514 etiam
920 1490 1027 1516 nunc
1038 1478 1161 1517 abest.
1212 1483 1296 1519 AM.
1317 1483 1486 1531 agedum

1323 1550 1486 1599 expedi:

156 1596 239 1636 scin
266 1612 330 1638 me
354 1606 464 1640 tuom
485 1616 571 1642 esse
591 1617 702 1642 erum
722 1607 1086 1656 Amphitruonem?
1144 1613 1218 1650 BR.
1249 1613 1342 1651 scio.
1401 1617 1484 1653 A.M
1507 1632 1548 1663 30

855 1671 947 1711 uide
967 1673 1084 1712 etiam
1107 1689 1223 1715 nunc.
1284 1680 1357 1716 BR.
1390 1679 1482 1718 scio.

154 1729 236 1766 AM.
269 1730 367 1769 haec
387 1733 470 1770 sola
491 1747 626 1772 sanam
648 1743 823 1774 mentem
843 1745 967 1787 gestat
988 1753 1167 1779 meorum
1187 1742 1446 1783 familiarium.

155 1795 228 1832 BR.
260 1794 384 1835 immo
418 1811 557 1837 omnes
591 1799 675 1838 sani
710 1808 801 1840 sunt
834 1804 1022 1851 profecto.
1099 1808 1183 1844 AM.
1213 1815 1253 1845 at
1292 1822 1355 1847 me
1390 1823 1486 1848 uxor

1189 1870 1371 1912 insanum
1393 1875 1484 1913 facit

43 1928 130 1973 1085
153 1923 232 1963 suis
264 1926 390 1965 foedis
425 1928 547 1968 factis.
621 1932 696 1969 BR.
727 1939 766 1970 at
800 1946 874 1982 ego
908 1933 1049 1973 faciam
1084 1943 1125 1974 tu
1158 1936 1264 1976 idem
1299 1946 1341 1977 ut
1374 1940 1484 1978 aliter

1266 2005 1481 2054 praedices,

204 2056 453 2105 Amphitruo,
478 2059 583 2109 piam
605 2069 643 2099 et
664 2061 850 2112 pudicam
871 2062 958 2102 e'sse
978 2072 1085 2104 tuam
1108 2080 1268 2106 uxorem
1289 2076 1331 2107 ut
1351 2069 1460 2109 scias.

203 2121 255 2159 de
275 2135 321 2160 ea
341 2136 380 2161 re
401 2123 510 2174 signa
529 2132 649 2176 atque
668 2136 900 2177 argumenta
918 2130 1055 2179 paucis
1076 2132 1206 2171 uerbis
1227 2135 1398 2184 eloquar.
1502 2152 1539 2185 35

197 2225 281 2263 1069
305 2231 414 2258 metus
429 2227 560 2259 Nonius
575 2231 662 2268 362:
687 2206 798 2262 mgtus
810 2233 874 2266 cod.
896 2239 932 2265 ut
943 2235 1005 2266 vzssd
1028 2235 1154 2275 (motus
1172 2236 1217 2275 D,
1231 2239 1414 2279 meotusB‚
1428 2250 1480 2270 me

149 2266 239 2297 otius
254 2267 322 2309 PE)
362 2313 368 2319 .
431 2282 512 2311 1075
530 2272 676 2316 (atque)
691 2274 814 2314 Amph.
834 2276 945 2310 Luchs
1049 2284 1101 2310 est
1113 2280 1164 2320 (6)
1178 2280 1254 2311 add.
1272 2281 1482 2315 Cameranus

152 2310 271 2350 (praec.
291 2318 334 2352 -6,
354 2324 372 2344 ι.
385 2324 409 2344 e.
432 2316 516 2357 em)
616 2328 697 2357 1077
723 2319 773 2350 vel
788 2322 832 2350 ita
851 2331 903 2352 me
1004 2325 1084 2362 1083
1109 2334 1226 2354 sanam
1247 2325 1479 2357 Camerarius:

683 2371 762 2388 Ol‘um

149 2397 278 2419 sarcam
304 2389 368 2421 cod.
397 2392 447 2431 (rc
467 2397 531 2432 pro
555 2394 593 2433 n)
620 2406 772 2427 mearum
796 2397 862 2429 cod.
884 2402 951 2429 ut
943 2399 1004 2430 osted
1026 2400 1172 2439 (morum
1198 2401 1240 2435 D
1261 2413 1409 2433 mearum
1435 2403 1478 2442 F,

150 2431 301 2469 meaPE)
396 2437 480 2467 1086
496 2441 585 2468 tuam
602 2439 636 2469 in
654 2450 760 2482 marg.
781 2445 817 2471 ut
831 2441 894 2473 vzstd
912 2441 978 2474 cod.
1000 2442 1103 2484 (unde
1118 2450 1207 2474 tuam
1225 2456 1300 2476 esse
1318 2445 1383 2486 BJ,
1401 2456 1476 2477 esse

150 2479 240 2505 tuam
257 2476 294 2515 E,
315 2487 391 2509 esse
407 2477 456 2520 D)

193 2528 312 2552 ΡιΑντ.
332 2529 345 2551 1
1365 2535 1383 2566 4
