1727 2702
185 130 239 169 11.
262 130 290 167 ii
682 132 728 168 T.
762 131 942 170 MACCI
974 128 1179 168 PLAVTI

265 242 474 287 Iunonem,
497 254 618 291 quarn
639 254 702 279 me
723 239 846 278 uereri
867 247 905 278 et
926 247 1100 278 metuere
1119 246 1178 278 est
1197 251 1267 290 par
1286 251 1481 286 maxume,

265 313 306 344 ut
328 305 381 344 mi
401 313 507 344 extra
528 319 650 344 unum
673 313 710 344 te
732 304 905 343 mortalis
926 317 1044 343 nemo
1064 317 1206 354 corpus
1226 316 1389 354 corpore

266 371 441 421 contigit,
459 384 540 421 quo
556 384 619 409 me
639 370 868 421 inpudicam
885 371 1039 409 faceret.
1095 371 1178 408 AM.
1210 382 1302 408 uera
1322 368 1441 408 istaec
1461 367 1592 407 uelim.

187 452 248 485 ²05
270 439 341 475 AL.
374 450 466 475 uera
486 435 588 483 dico,
611 437 682 475 sed
702 435 954 486 nequiquam,
978 434 1167 486 quoniam
1188 447 1269 473 non
1290 433 1349 473 uis
1369 435 1538 473 credere.
1614 438 1681 484 835

267 504 349 540 AM.
383 501 520 540 mulier
535 514 591 549 es,
605 501 792 540 audacter
807 500 918 539 iuras.
969 502 1042 539 AL.
1074 513 1176 551 quae
1192 512 1273 538 non
1289 497 1466 549 deliquit,
1482 499 1597 538 decet

266 567 459 606 audacem
480 579 579 614 esse,
598 567 845 605 confidenter
865 579 936 617 pro
955 579 997 604 se
1017 573 1055 604 et
1076 572 1256 615 proterue
1276 563 1395 615 loqui.

268 634 351 671 AM.
382 631 474 670 satis
512 632 714 671 audacter.
770 633 844 670 AL.
876 639 918 670 ut
957 630 1144 681 pudicam
1182 631 1307 670 decet.
1367 632 1449 668 AM.
1486 633 1508 670 †
1522 629 1560 668 in
1576 633 1596 669 †

1289 695 1419 735 uerbis
1440 696 1594 746 probas.

268 764 340 800 AL.
374 775 454 800 non
476 775 550 813 ego
570 761 677 800 illam
698 762 752 801 mi
772 763 908 802 dotem
929 763 1034 802 duco
1055 763 1141 801 esse
1161 774 1263 812 quae
1283 762 1356 800 dos
1376 760 1518 800 dicitur

189 842 249 864 210
269 828 339 866 sed
360 826 591 877 pudicitiam
613 834 651 865 et
671 828 864 878 pudorem
885 834 924 866 et
943 827 1124 866 sedatum
1146 825 1385 877 cupidinem,
1617 833 1687 874 840

268 893 388 931 deum
410 899 572 938 metum,
595 899 801 942 parentum
821 905 996 930 amorem
1018 898 1056 929 et
1077 898 1289 940 cognatum
1310 889 1577 937 concordiam,

268 957 339 995 tibi
361 956 553 1007 morigera
572 964 693 1007 atque
713 964 755 996 ut
777 956 964 1012 munifica
984 956 1058 995 sim
1081 955 1208 1003 bonis,
1231 955 1376 1006 prosim
1398 955 1542 1006 probis.

267 1023 332 1061 So.
365 1023 414 1061 ne
446 1022 519 1060 ista
549 1021 704 1072 edepol,
737 1021 770 1061 si
801 1023 899 1061 haec
932 1035 1025 1061 uera
1054 1020 1238 1072 loquitur,
1271 1020 1506 1060 examussim
1541 1028 1600 1059 est

1423 1093 1596 1136 optuma.

267 1155 349 1191 AM.
383 1152 578 1192 delenitus
599 1166 686 1192 sum
708 1154 885 1203 profecto
905 1152 959 1192 ita
978 1161 1020 1192 ut
1041 1167 1105 1192 me
1123 1152 1192 1204 qui
1213 1152 1285 1192 sim
1307 1151 1491 1191 nesciam.

188 1230 247 1263 215
267 1219 332 1257 So.
366 1218 606 1268 Amphitruo
626 1232 667 1257 es
688 1219 877 1268 profecto,
899 1231 997 1257 caue
1017 1218 1069 1257 sis
1091 1232 1141 1257 ne
1161 1226 1202 1257 tu
1224 1225 1262 1257 te
1282 1231 1355 1256 usu
1376 1216 1560 1268 perduis:
1617 1219 1683 1264 845

268 1283 321 1322 ita
337 1297 442 1322 nunc
460 1283 641 1323 homines
657 1284 926 1331 immutantur,
944 1292 1154 1335 postquam
1171 1296 1331 1335 peregre
1349 1282 1596 1322 aduenimus.

268 1351 350 1387 Am.
386 1349 536 1398 mulier,
558 1349 683 1389 istanc
704 1363 784 1389 rern
806 1349 1034 1400 inquisitam
1056 1357 1207 1389 certum
1228 1356 1286 1388 est
1307 1362 1387 1388 non
1407 1347 1596 1387 amittere.

268 1416 343 1452 AL.
374 1415 516 1464 edepol
532 1427 595 1453 me
611 1414 772 1453 lubente
786 1414 914 1454 facies.
956 1416 1038 1453 AM.
1071 1414 1168 1465 quid
1180 1413 1261 1453 ais?
1280 1414 1476 1464 responde
1491 1412 1597 1459 mihi,

269 1479 366 1530 quid
388 1479 418 1518 si
439 1481 598 1520 adduco
618 1488 729 1519 tuom
751 1487 962 1531 cognatum
984 1481 1062 1519 huc
1082 1493 1105 1518 a
1125 1479 1217 1518 naui
1238 1480 1492 1526 Naucratem,

189 1560 252 1582 220
270 1544 337 1594 qui
359 1558 515 1584 mecum
537 1558 615 1583 una
636 1553 790 1584 uectust
811 1559 889 1584 una
909 1545 1012 1593 naui,
1035 1553 1155 1596 atque
1175 1544 1206 1584 is
1227 1544 1258 1583 si
1278 1545 1448 1595 denegat
1619 1545 1690 1589 850

269 1611 371 1648 facta
392 1623 493 1660 quae
514 1618 555 1648 tu
577 1611 678 1649 sacta
698 1610 807 1657 dicis,
831 1610 927 1661 quid
949 1611 1020 1650 tibi
1040 1624 1211 1661 aequom
1232 1617 1291 1649 est
1312 1609 1424 1648 fieri?

269 1675 463 1725 numquid
485 1688 664 1714 caussam
686 1675 784 1714 dicis
805 1676 901 1726 quin
923 1684 961 1715 te
983 1677 1059 1716 hoc
1082 1677 1245 1715 multem
1268 1674 1548 1714 matrimonio?

268 1742 341 1778 AL.
373 1739 404 1778 si
426 1740 586 1791 deliqui,
610 1742 717 1778 nulla
737 1754 876 1780 caussa
895 1749 963 1780 est.
1026 1743 1108 1780 AM.
1141 1740 1340 1780 conuenit.
1400 1748 1453 1787 tu,
1475 1738 1598 1785 Sosia,

267 1805 346 1844 duc
375 1806 448 1844 hos
478 1804 590 1844 intro.
650 1819 724 1856 ego
754 1807 831 1845 huc
859 1807 910 1846 ab
945 1806 1036 1846 naui
1073 1820 1228 1846 mecum
1263 1807 1460 1845 adducam
1495 1805 1600 1843 Nau-

1386 1877 1599 1909 cratem.—

190 1949 249 1980 225
270 1937 334 1975 So.
359 1950 464 1975 nunc
478 1936 639 1986 quidem
654 1946 806 1987 praeter
819 1952 891 1978 nos
905 1952 1024 1978 nemo
1038 1946 1106 1978 est.
1143 1938 1207 1978 dic
1222 1937 1317 1977 mihi
1331 1950 1467 1976 uerum
1481 1936 1600 1976 serio:
1619 1942 1686 1987 855

269 2001 404 2051 eequis
424 2002 523 2040 alius
545 2003 657 2041 Sosia
679 2003 799 2043 intust
820 2005 887 2055 qui
909 2005 985 2044 mei
1007 2004 1144 2043 similis
1165 2004 1270 2044 siet?

269 2069 342 2105 AL.
374 2067 466 2106 abin
496 2067 588 2107 hinc
607 2082 631 2107 a
652 2083 725 2117 me,
749 2070 892 2121 dignus
915 2070 1081 2110 domino
1108 2071 1273 2110 seruos?
1329 2070 1394 2108 So.
1427 2069 1539 2115 abeo,
1569 2067 1601 2107 si

1421 2134 1600 2173 iubes.—

312 2237 377 2276 838
403 2238 454 2277 in]
473 2241 562 2269 enirn
580 2237 778 2270 Lachmann
893 2240 943 2271 vel
957 2239 1092 2280 proba's
1269 2241 1334 2279 839
1349 2239 1400 2271 vel
1415 2239 1502 2271 illam
1521 2239 1600 2270 mihi

269 2281 333 2318 842
359 2282 535 2313 munificas
565 2284 596 2313 in
625 2283 680 2320 (ex
702 2284 727 2321 ῖΪ
759 2283 857 2314 bonis
883 2283 947 2314 cod.
970 2285 1005 2323 μ’.
1027 2286 1063 2316 6)
1204 2284 1269 2324 843
1293 2294 1373 2314 uera
1402 2284 1484 2314 hacc
1509 2282 1597 2314 codd.

270 2323 375 2354 Nonii
387 2336 408 2364 9
516 2327 579 2365 854
605 2327 655 2357 vel
667 2326 751 2357 duce
819 2327 983 2358 abducam
999 2326 1065 2359 cod.
1173 2327 1239 2367 856
1262 2328 1345 2359 meis
1361 2326 1427 2359 cod.
1446 2325 1601 2368 (meiD¹)

271 2367 333 2407 857
358 2369 408 2399 vcl
421 2369 556 2409 dignu’s
