1686 2722
777 172 1095 211 PRAEFATIO

275 282 490 321 bonianum
513 280 749 319 Vaticanum
772 279 879 319 misc.
903 281 985 318 Lat.
1009 282 1097 329 687,
1120 293 1219 318 saec.
1242 279 1302 327 xii,
1325 279 1393 329 qui
1421 278 1597 318 continet

274 350 388 397 Capt-
412 346 638 395 400-555);

328 410 423 458 1²⁸⁰,
448 411 553 448 unde
575 408 735 448 derivati
758 416 848 447 sunt
869 417 906 448 et
927 410 1024 447 liber
1046 410 1165 448 modo
1182 416 1420 448 memoratus
1441 407 1540 459 (pr)
1561 416 1599 446 et

276 476 399 527 prima
438 489 525 525 pars
560 476 728 514 duorum
769 473 925 512 maioris
960 473 1151 513 momenti
1182 473 1376 520 codicum,
1412 475 1459 512 D
1493 474 1596 523 (cod.

276 540 456 580 Vaticani
481 543 596 590 3870,
619 552 720 578 saec.
743 537 866 585 Χῑ-Χίῑ,
884 537 952 588 qui
972 540 1149 577 continet
1169 539 1328 588 Amph„
1351 537 1474 586 Asin„
1497 539 1598 584 Aul„

277 609 388 656 Capt.
422 618 550 656 1—503
573 618 663 643 cum
689 603 904 643 duodecim
930 603 1072 642 fabulis
1098 601 1406 653 posterioribus),
1433 604 1474 641 B
1495 604 1599 652 (cod.

280 670 442 710 Palatini
478 673 588 716 1612,
613 683 713 708 saec.
737 667 859 716 xi-xii,
881 667 950 719 qui
971 667 1148 707 continet
1167 674 1258 706 octo
1285 667 1435 706 fabulas
1457 667 1601 718 priores

279 750 368 774 cum
398 735 611 775 duodecim
637 733 947 785 posterioribus).
1009 734 1083 771 Per
1110 739 1258 770 ceteras
1282 739 1414 770 autem
1439 732 1601 779 fabulas,

279 801 490 840 duodecim
512 800 744 850 posteriores
766 812 863 849 quas
885 804 1039 844 vocant,
1062 796 1245 836 denotavi
1267 796 1370 847 siglis
1389 812 1396 836 :

332 866 426 913 ΡΨ),
449 866 591 905 librum
612 867 718 904 unde
739 863 925 914 descripti
940 870 1033 902 sunt
1053 865 1090 902 C
1102 863 1205 912 (cod.
1229 861 1427 901 Palatinus
1444 862 1605 902 Heidel-

279 929 478 979 bergensis
509 932 619 978 1613,
643 941 742 967 saec.
769 925 892 975 xi-xii,
915 925 1009 977 qui¹
1036 925 1213 965 continet
1233 938 1371 964 omnes
1391 925 1603 965 duodecim

280 995 448 1045 fabulas)
469 1001 508 1032 et
529 993 677 1032 codicis
697 995 743 1031 D
763 1007 850 1043 pars
870 993 1017 1040 altera3

334 1058 423 1106 PBG,
447 1058 589 1097 librum
612 1059 718 1097 unde
738 1057 920 1108 descripti
944 1064 1035 1096 sunt
1056 1064 1094 1095 et
1114 1056 1211 1095 liber
1228 1056 1349 1095 modo
1368 1064 1606 1095 memoratus

282 1124 403 1175 (pen)
423 1132 462 1163 et
482 1123 630 1163 codicis
650 1125 690 1161 B
710 1136 796 1173 pars
817 1125 946 1161 altera.
1003 1124 1107 1162 Cum
1127 1129 1259 1160 autern
1281 1121 1379 1171 siglo
1399 1124 1433 1159 P
1455 1123 1606 1161 soleant

281 1190 347 1228 viri
388 1189 494 1229 docti
534 1202 599 1228 eas
638 1189 826 1227 lectiones
865 1189 1052 1227 denotare
1091 1200 1203 1237 quae,
1239 1186 1391 1226 collatis
1430 1186 1529 1226 inter
1566 1200 1608 1226 se

282 1255 561 1306 perpensisque
605 1253 765 1303 singulis
810 1253 1027 1299 codicibus,
1075 1251 1321 1291 verissimum
1368 1251 1607 1291 recensionis

286 1322 482 1358 Palatinae
528 1321 750 1369 exemplum
797 1317 984 1368 praebere
1029 1316 1264 1363 iudicantur,
1313 1316 1409 1355 mihi
1448 1329 1608 1367 quoque

282 1385 415 1435 religio
445 1384 515 1422 suit
545 1398 593 1422 co
623 1383 721 1434 siglo
750 1397 831 1422 non
860 1382 970 1421 aliter
1000 1383 1065 1420 uti.
1127 1383 1267 1432 Itaque
1296 1383 1527 1432 plerumque
1554 1382 1608 1419 nil

282 1451 354 1489 nisi
382 1450 521 1500 sigium
546 1451 615 1487 ‘P’
644 1450 738 1498 (aut,
762 1449 792 1486 si
813 1450 851 1487 Α
879 1449 1000 1495 deest,
1033 1446 1160 1498 ‘c0d.’)
1179 1446 1402 1497 appositum
1428 1448 1606 1498 reperies,

282 1530 370 1554 curn
393 1515 432 1553 id
453 1515 597 1564 egerim
619 1522 660 1552 ut
682 1515 734 1551 nil
757 1513 829 1551 nisi
858 1513 1050 1564 optimum
1079 1511 1346 1551 testimonium
1370 1512 1608 1552 recensionis

283 1581 482 1619 Palatinae
508 1579 583 1631 (P)
613 1587 748 1617 contra
787 1578 1054 1617 testimonium
1088 1577 1337 1616 Ambrosiani
1368 1578 1608 1630 palimpsesti

283 1647 356 1697 (Α)
372 1658 625 1696 opponerem.
686 1645 838 1694 Nequis
860 1651 992 1682 tamen
1015 1642 1109 1680 milii
1133 1642 1171 1680 id
1187 1642 1458 1693 obiciat·quod
1473 1652 1609 1683 contra

282 1725 415 1750 verum
446 1711 587 1749 librum
617 1708 693 1759 (A)
725 1708 933 1759 imaginem
974 1709 1175 1758 quandam
1218 1707 1304 1746 libri
1343 1709 1607 1760 opposuerim.

284 1778 386 1816 Nam
422 1789 489 1826 per
523 1776 727 1825 plerasque
762 1774 911 1812 fabulas
946 1775 1065 1812 credo
1099 1773 1197 1824 siglo
1230 1776 1272 1812 P
1299 1789 1432 1813 verum
1468 1775 1608 1814 librum

283 1841 456 1887 indicari,
481 1841 576 1879 illud
603 1840 867 1878 Teutonicum
895 1854 941 1879 ex
965 1840 1103 1879 codice
1125 1839 1218 1892 (ΡΛ)
1240 1843 1470 1892 perantiquo
1492 1842 1608 1891 (saec.

283 1907 375 1945 iii—v
413 1907 591 1957 fortasse)
630 1913 668 1943 et
710 1905 897 1956 scriptura
935 1920 1054 1957 quarn
1093 1914 1235 1945 vocant
1277 1907 1421 1946 rustica
1453 1907 1610 1958 capitali

283 1974 465 2012 confecto
504 1971 743 2021 descriptum
786 1970 903 2022 (saec.
946 1972 1079 2022 viii-x)
1117 1973 1397 2024 archetypum²
1441 1986 1489 2011 ex
1532 1986 1613 2023 quo

284 2052 422 2077 omnes
443 2051 558 2088 supra
575 2037 779 2077 memorati
797 2038 956 2077 codices
979 2047 1258 2078 emanaverunt
1276 2054 1286 2088 ;
1315 2053 1383 2090 per
1398 2052 1464 2079 eas
1479 2046 1611 2078 tamen

326 2191 337 2211 ¹
367 2191 482 2230 Nuper
499 2191 721 2231 phototypice
738 2202 921 2233 expressus
941 2192 1074 2223 Leidae.

330 2242 341 2262 ²
369 2243 500 2273 Librum
519 2253 593 2273 eum
613 2244 706 2274 cuius
723 2244 846 2275 auxilio
867 2244 1030 2276 lectiones
1047 2243 1172 2275 codicis
1191 2242 1222 2273 B
1243 2247 1415 2274 correctae
1439 2247 1518 2273 sunt
1535 2241 1611 2283 (8³)

285 2296 417 2335 quotics
434 2295 475 2325 ab
495 2306 536 2326 eo
555 2296 837 2336 discrepaverunt
856 2302 889 2328 et
908 2297 1032 2328 codicis
1051 2295 1129 2326 [³¹³⁰
1146 2300 1320 2335 parentem
1339 2295 1443 2326 fuisse
1461 2294 1614 2334 suspicor

286 2354 320 2378 ct
345 2346 489 2387 priorem
509 2349 634 2381 codicis
654 2349 730 2379 PBG
755 2354 886 2389 partem
905 2361 912 2388 ;
937 2348 1158 2387 archetypum
1176 2347 1276 2387 igitur
1295 2347 1373 2378 illud
1391 2346 1612 2377 Teutonicum

288 2400 371 2431 nihil
388 2402 479 2433 aliud
503 2403 606 2434 fuisso
621 2413 719 2443 quam
738 2404 845 2442 ipsum
866 2402 928 2432 hoc
942 2401 1099 2431 volumen
1117 2400 1212 2430 cuius
1229 2410 1306 2439 pars
1323 2399 1415 2438 prior
1430 2402 1520 2429 esset
1537 2397 1613 2427 sons

289 2456 532 2487 correctionum
552 2455 627 2497 (ΒΤ)
645 2461 676 2486 ct
701 2455 796 2485 cuius
814 2464 891 2494 pars
907 2453 1012 2484 altera
1026 2456 1119 2484 esset
1134 2452 1243 2483 codex
1262 2449 1352 2482 PBG.

935 2507 972 2547 iv
