1727 2712
55 612 121 648 335

59 940 130 975 340

63 1263 128 1301 345

67 1591 137 1628 350

23 1849 134 1887 354-5

641 90 960 132 MERCATOR
1407 81 1461 119 ΙΙ.
1483 80 1513 116 ii

139 210 230 249 huic
251 208 484 261 persuadere
505 220 584 257 quo
605 206 728 244 modo
747 202 850 254 potis
870 201 967 240 siem

138 283 180 314 ut
200 275 306 314 illam
327 275 474 313 uendat
495 286 596 311 neue
616 272 684 310 det
704 268 817 307 matri
838 280 930 306 suae
949 281 958 313 3

139 355 231 380 nam
252 340 286 379 ei
307 341 415 378 dono
434 339 586 377 aduexe
605 334 750 375 audiui.
811 333 880 371 sed
901 336 1112 382 praecauto
1132 333 1266 378 opust,

140 421 190 445 ne
210 405 274 444 hic
294 404 401 443 illam
422 416 486 441 me
505 401 682 440 animum
703 398 894 438 adiecisse
914 395 1047 446 aliqua
1067 392 1220 432 sentiat.

467 513 766 552 CHAR1st
878 508 1149 544 DEMIPHO

250 597 328 636 CH.
363 596 500 633 Homo
522 606 585 631 me
605 589 781 629 miserior
800 589 948 626 nullust
967 599 1104 636 aeque,
1127 582 1279 634 opinor,

251 673 381 710 neque
401 660 570 697 aduorsa
591 655 685 707 quoi
707 656 818 705 plura
838 654 916 691 sint
936 650 1175 701 sempiterna
1190 663 1200 696 3

306 724 407 764 satin
427 721 623 773 quidquid
644 728 701 759 est
717 732 838 770 quam
858 730 940 756 rem
960 729 1073 767 agere
1094 712 1243 764 occepi,

252 789 452 842 proprium
475 786 611 837 nequit
632 785 686 823 mi
707 785 816 834 quod
836 782 955 833 cupio
975 780 1166 820 euenire?

307 853 360 893 ita
381 852 477 892 mihi
498 853 601 890 mala
621 864 681 889 res
700 849 832 899 aliqua
851 846 1030 892 obicitur,

254 922 406 960 bonum
426 931 528 969 quae
549 929 682 955 meum
703 912 928 964 comprimit
948 910 1168 950 consilium.

147 987 264 1026 miser
283 984 452 1024 amicam
473 981 570 1021 mihi
590 979 736 1032 paraui,
759 977 880 1017 animi
900 989 1049 1022 caussa,
1071 973 1198 1025 pretio
1220 969 1354 1022 eripui,

254 1058 358 1090 ratus
380 1050 481 1088 clam
502 1054 652 1098 patrem
672 1042 773 1097 (me)
792 1056 925 1082 meum
946 1054 1062 1092 posse
1083 1039 1228 1077 habere
1243 1052 1253 1085 ;

254 1117 287 1155 is
306 1113 463 1154 resciuit
484 1120 522 1152 et
542 1111 643 1151 uidit
662 1118 701 1149 et
721 1107 893 1160 perdidit
914 1120 978 1145 me
993 1121 1003 1154 3

256 1194 387 1232 neque
408 1179 440 1218 is
461 1191 584 1229 quom
605 1182 714 1226 roget
734 1174 832 1225 quid
853 1174 991 1222 loquar
1011 1169 1274 1220 cogitatumst‚

256 1247 311 1286 ita
329 1243 452 1285 animi
471 1244 612 1282 decem
631 1241 672 1279 in
692 1247 852 1290 pectore
872 1236 1009 1276 incerti
1030 1241 1189 1274 certant.

257 1325 331 1351 nec
352 1309 449 1361 quid
469 1309 589 1348 corde
610 1319 715 1345 nunc
736 1302 875 1343 consili
896 1315 1036 1353 capere
1056 1299 1204 1351 possim

259 1377 351 1424 scio,
374 1383 506 1415 tantus
522 1386 614 1412 cum
634 1385 727 1410 cura
746 1376 874 1408 meost
894 1381 1000 1406 error
1018 1365 1168 1413 animo,

259 1444 356 1482 dum
376 1439 479 1480 serui
499 1438 577 1478 mei
596 1437 795 1488 perplacet
815 1433 869 1472 mi
889 1431 1110 1478 consilium,

261 1509 358 1548 dum
379 1519 514 1545 rusum
536 1506 614 1542 hau
634 1504 764 1553 placet
784 1513 858 1539 nec
878 1506 988 1549 pater
1008 1496 1102 1548 poti'
1123 1494 1279 1533 uidetur

263 1572 398 1612 induci
417 1579 461 1611 ut
481 1577 592 1622 putet
614 1566 726 1606 matri
745 1565 929 1605 ancillam
949 1569 1125 1613 emptam
1145 1574 1230 1599 esse
1251 1559 1367 1597 illam.

262 1652 369 1677 nunc
389 1637 421 1676 si
441 1637 534 1676 dico
552 1642 595 1673 ut
614 1647 674 1673 res
695 1640 754 1672 est
773 1639 891 1681 atque
912 1629 1018 1667 illam
1039 1626 1136 1665 mihi
1157 1639 1220 1664 me

261 1704 403 1743 emisse
422 1702 566 1749 indico,
585 1701 705 1750 que'm
724 1698 776 1736 ad
796 1696 962 1734 modurn
982 1692 1190 1732 existumet
1210 1691 1302 1728 me?

261 1777 380 1819 atque
399 1768 506 1806 illam
525 1765 734 1816 apstrahat‚
753 1770 859 1801 trans
879 1772 986 1798 mare
1005 1757 1099 1796 hinc
1119 1768 1266 1794 uenum
1287 1759 1458 1804 asportet
1475 1767 1484 1800 3

263 1834 345 1873 scio
364 1834 495 1872 saeuo'
515 1844 635 1882 quam
655 1829 714 1875 sit,
737 1829 860 1867 domo
880 1826 1032 1864 doctus.
1090 1821 1206 1872 igitur

156 1899 323 1939 hoccine
343 1906 402 1937 est
421 1898 581 1937 amare?
609 1908 716 1934 arare
738 1891 923 1931 mauelim
945 1902 1064 1940 quam
1086 1887 1141 1926 sic
1160 1898 1301 1924 amare.

264 1964 342 2003 iam
368 1963 373 2014 Ι
398 1963 491 2001 hinc
511 1961 606 2001 olim
627 1958 796 1998 inuitum
817 1958 939 1996 domo
960 1951 1121 1993 extrusit
1140 1951 1191 1989 ab
1212 1964 1264 1996 se,

264 2036 480 2069 mercatum
501 2027 555 2066 ire
574 2024 686 2064 iussit
704 2039 712 2062 :
741 2021 797 2062 ibi
816 2023 894 2060 hoc
915 2021 1062 2058 malum
1083 2030 1156 2067 ego
1176 2014 1322 2053 inueni.

200 2143 261 2173 331
287 2132 456 2173 persuade
471 2129 538 2161 cod.
561 2130 655 2169 (corr.
672 2126 738 2169 D2)
881 2134 945 2164 333
970 2123 1182 2163 praecautost
1198 2128 1283 2158 opus
1300 2116 1366 2148 cod.
1387 2117 1438 2158 (cf.
1456 2127 1484 2148 v.

157 2179 237 2218 330)
349 2186 413 2216 335
438 2175 548 2205 nullus
565 2178 616 2204 est
632 2171 698 2202 cod.
774 2169 825 2201 vel
838 2170 942 2208 opino
1059 2165 1123 2203 338
1148 2175 1199 2194 eu.
1219 2162 1310 2202 quod
1327 2172 1378 2191 cu.
1398 2160 1484 2192 cod.:

158 2221 274 2259 traiem}
294 2230 375 2251 nam
392 2218 519 2249 euenir’
540 2217 596 2248 vix
607 2214 788 2255 ferendum
842 2209 998 2250 euenire]
1018 2219 1092 2239 esse
1110 2208 1141 2237 id
1161 2206 1258 2237 Goetz
1275 2205 1418 2246 (arma),
1438 2204 1491 2234 cui

159 2268 335 2305 proprium
352 2262 491 2303 displicet
590 2269 652 2299 341
679 2257 805 2297 eripui]
828 2257 921 2296 ‘sort.
942 2253 1132 2285 adiectivmn
1151 2249 1240 2280 latet’
1260 2249 1325 2279 Leo
1422 2257 1487 2286 342

160 2319 213 2339 me
231 2307 308 2339 add.
328 2306 461 2345 Bentley
606 2313 669 2342 344
694 2302 818 2341 cogitat
836 2300 923 2330 unde
941 2302 992 2328 est
1007 2296 1039 2326 Β
1169 2304 1234 2333 353
1257 2292 1375 2333 atque]
1393 2302 1412 2321 a
1434 2301 1487 2321 me

163 2352 286 2392 Ussing
393 2359 467 2389 354,
487 2357 549 2388 355
574 2346 691 2386 igitur]
711 2346 785 2376 dico
800 2340 1014 2375 Studemzmd
1143 2348 1205 2377 357
1231 2335 1328 2379 (me)
1346 2335 1487 2366 inuitum

160 2395 288 2426 Ritschl
430 2394 559 2432 358-72
577 2396 762 2431 paucorum
778 2397 933 2418 versuum
949 2384 1040 2415 initia
1056 2384 1216 2423 apparent
1229 2380 1262 2410 A
1424 2379 1487 2418 358

161 2440 281 2480 merc.]
304 2449 421 2480 acm—
443 2436 477 2467 A
496 2437 567 2478 (pro
582 2434 625 2465 ab
641 2444 689 2472 se,
709 2442 748 2463 ac
768 2433 772 2473 ι
794 2431 980 2461 Mercatum
997 2428 1087 2467 etc.3)

1487 199 1530 230 60

1493 494 1539 532 iii

1499 1176 1541 1200 10

1504 1505 1542 1536 15

1505 1832 1545 1854 20
