1727 2712
597 108 973 148 CISTELLARIA

121 224 312 257 mercator
331 216 439 257 uenit
460 219 537 256 huc
557 219 607 257 ad
629 219 743 257 ludos
765 217 965 265 Lemnius,

120 282 232 333 isque
253 282 316 322 hic
337 283 566 333 compressit
587 283 788 333 uirginem,
810 283 1143 328 adulescentulus,

119 346 204 399 (ui),
227 347 467 395 uinulentus,
489 349 612 386 multa
632 356 760 394 nocte,
786 346 791 398 Ι
819 346 859 385 in
879 346 953 385 uia.

39 419 104 454 160
121 412 153 451 is
173 412 241 451 ubi
262 414 404 451 malam
425 426 505 451 rem
527 413 600 451 scit
620 427 661 452 se
682 412 880 460 meruisse,
903 412 994 451 ilico

121 478 289 528 pedibus
309 478 528 528 perfugium
550 478 711 529 peperit,
734 478 775 516 in
796 480 994 516 Lemnum
1015 477 1176 528 aufugit,

120 542 189 581 ubi
209 542 411 581 habitabat
432 550 527 581 tum.
587 544 653 582 illa
672 556 791 594 quam
812 550 1097 593 compresserat

121 609 291 647 decumo
311 616 399 658 post
421 622 557 647 mense
578 617 716 648 exacto
737 608 802 648 hic
822 607 974 659 peperit
994 608 1125 646 filiam.

121 672 309 722 quoniam
330 687 439 711 reum
461 673 558 712 eiius
579 673 670 713 facti
690 673 815 712 nescit
835 673 903 724 qui
924 672 1006 720 siet,

40 744 100 788 165
121 745 327 788 paternum
349 751 505 776 seruom
526 738 585 777 sui
605 738 811 789 participat
830 737 981 785 consili,

121 803 188 841 dat
208 816 295 841 eam
316 805 487 854 puellam
508 804 543 842 ei
563 817 678 843 seruo
698 805 975 854 exponendam
995 805 1046 842 ad
1067 817 1217 842 necem.

121 867 152 906 is
172 881 259 906 eam
279 868 453 918 proiecit.
514 870 611 908 haec
632 870 803 920 puellam
826 869 991 907 sustulit.

120 932 171 971 ill’
191 933 293 972 clam
315 934 541 984 opseruauit
563 947 696 972 seruos
717 932 802 985 (qui
823 948 909 973 eam
932 932 1167 984 proiecerat>

121 1012 201 1048 quo
221 1007 288 1037 aut
308 1012 406 1049 quas
427 999 467 1037 in
487 999 596 1038 aedis
617 1000 714 1038 haec
735 1001 907 1049 puellam
928 1000 1087 1038 deferat.

40 1074 104 1110 170
121 1070 164 1102 ut
184 1077 343 1114 eampse
363 1078 435 1103 uos
456 1064 620 1103 audistis
642 1064 877 1112 confiterier,

121 1129 188 1168 dat
208 1143 295 1167 eam
315 1131 487 1180 puellam
510 1129 702 1168 meretrici
724 1129 952 1177 Melaenidi,

121 1208 246 1244 eaque
266 1194 452 1233 educauit
473 1208 560 1233 eam
581 1194 655 1233 sibi
676 1208 747 1245 pro
767 1194 846 1233 filia

122 1260 223 1298 bene
243 1273 289 1298 ac
309 1259 464 1310 pudice.
524 1267 607 1297 turn
629 1259 707 1298 illic
726 1268 859 1298 autem
881 1259 1071 1298 Lemnius

123 1324 385 1375 propinquam
406 1338 567 1363 uxorem
588 1324 711 1373 duxit,
732 1333 938 1375 cognatam
961 1339 1083 1363 suam.

42 1399 103 1437 175
123 1403 170 1428 ea
189 1389 295 1428 diem
316 1403 430 1429 suom
451 1389 560 1437 obiit,
584 1391 685 1428 facta
706 1390 897 1441 morigera
917 1397 975 1429 est
995 1390 1091 1428 uiro.

124 1453 369 1507 post<quam>
388 1455 451 1494 ille
473 1454 583 1493 uxori
603 1454 706 1493 iusta
725 1454 828 1502 fecit,
851 1455 942 1494 ilico

123 1521 201 1559 huc
221 1520 518 1571 commigrauit,
549 1520 658 1559 duxit
679 1534 839 1559 uxorem
861 1520 924 1558 hic
945 1520 1019 1559 sibi

123 1587 292 1625 eandem
313 1600 431 1636 quam
454 1586 547 1624 olim
571 1585 761 1635 uirginem
782 1585 846 1624 hic
864 1594 1163 1636 compresserat,

125 1659 163 1690 et
183 1665 269 1690 eam
286 1651 490 1701 cognoscit
512 1665 596 1689 esse
618 1665 737 1700 quam
758 1659 1043 1701 compresserat
1058 1666 1068 1699 ,-

43 1717 108 1751 180
125 1716 190 1754 illa
210 1717 263 1755 illi
285 1717 379 1755 dicit
399 1716 496 1755 eiius
517 1730 558 1754 se
579 1730 626 1754 ex
646 1716 785 1754 iniuria

124 1782 321 1832 peperisse
341 1790 499 1832 gnatam
527 1781 531 1821 Ι
557 1790 676 1832 atque
697 1795 784 1820 eam
805 1795 846 1820 se
867 1795 981 1820 seruo
1000 1781 1092 1820 ilico

124 1847 281 1886 dedisse
301 1848 590 1897 exponendam.
648 1846 713 1884 ille
733 1848 931 1896 extemplo
952 1847 1149 1885 seruolum

124 1911 233 1951 iubet
253 1912 363 1950 illurn
383 1913 556 1951 eundern
578 1911 770 1962 persequi,
794 1911 825 1950 si
846 1925 924 1962 qua
944 1919 1061 1961 queat

126 1977 290 2028 reperire
311 1991 412 2027 quae
432 1977 640 2016 sustulerit.
701 1977 736 2015 ei
756 1976 810 2015 rei
831 1991 937 2015 nunc
958 1990 1067 2015 suam

45 2047 105 2091 185
125 2056 285 2092 operam
306 2056 431 2092 usque
451 2042 621 2081 adsiduo
642 2055 776 2081 seruos
797 2042 878 2089 dat,
899 2040 930 2080 si
951 2041 1097 2092 possiet

174 2157 234 2186 159
257 2146 291 2178 ui
306 2146 382 2178 add.
403 2146 532 2178 Parcus
631 2157 674 2176 m.
694 2145 781 2188 (de)
797 2158 827 2178 n.
849 2146 971 2177 Pradel
985 2146 1143 2187 depraep.
1166 2157 1196 2186 p.
1217 2156 1275 2186 531

1421 108 1450 146 Ι.
1477 107 1524 145 iii

1480 300 1519 322 10

1477 947 1517 968 20

1477 1273 1517 1305 ²5

1479 1595 1521 1626 50

1480 1922 1520 1955 35

1361 2146 1459 2188 (hic)

127 2191 160 2220 in
178 2189 316 2221 Redslob
484 2192 541 2221 162
567 2196 635 2221 tum
662 2190 835 2220 habitabat
856 2190 997 2224 Guietus,
1028 2191 1080 2220 cm'
1109 2190 1283 2221 habitabat
1307 2189 1453 2230 displicet.

128 2234 247 2265 Gellius
263 2243 292 2272 3,
314 2236 363 2272 16,
385 2245 404 2264 2
420 2235 514 2266 verba
531 2234 636 2273 adfati
651 2243 672 2263 α
687 2238 757 2264 tum
776 2234 830 2263 illa
848 2234 1006 2273 mcipiens⁷
1023 2233 1110 2264 unde
1121 2234 1175 2264 ubi
1193 2238 1263 2264 tum
1275 2234 1456 2264 habitabat.

126 2281 196 2308 tum
214 2277 269 2308 illa
286 2278 413 2309 Schoell
506 2279 565 2308 168
581 2288 612 2316 q.
631 2288 659 2308 e.
680 2288 712 2316 p.
731 2277 886 2317 supplevit
906 2278 1117 2308 Camerarius
1134 2277 1196 2315 (iii.
1228 2281 1277 2309 nl

1398 2279 1459 2317 176

127 2331 225 2360 quam
243 2321 318 2352 add.
337 2321 412 2353 Ital.
489 2331 550 2360 179
574 2322 624 2351 et7
644 2325 679 2350 ut
699 2319 801 2351 Weise
872 2321 927 2350 181
956 2331 1011 2359 gn.
1031 2331 1172 2359 eamque
1189 2320 1330 2360 Pylades
1372 2322 1454 2360 fort.

127 2365 261 2395 seruolo
280 2366 323 2405 (v.
344 2366 379 2407 8)
497 2365 557 2404 183
582 2364 728 2395 eundem
746 2364 837 2395 illum
854 2363 1048 2395 Niemoeller
1063 2364 1102 2394 de
1112 2369 1210 2404 pron.
1234 2363 1334 2404 ‘ipse'
1352 2374 1382 2403 p.
1405 2374 1446 2402 43

172 2427 292 2450 PLAVT.
311 2428 323 2449 1
