1727 2702
200 95 229 133 Ι.

187 482 225 513 ²5

189 806 230 838 30

191 1132 229 1165 35

187 1459 231 1492 40

252 95 264 132 i
659 95 706 132 T.
741 95 921 133 MACCI
955 96 1157 134 PLAVTI

359 219 504 257 magno
523 214 642 257 atque
662 206 790 245 solido
811 208 950 245 multat
970 206 1195 255 infortunio,

358 285 431 310 nec
452 273 516 322 pol
538 273 715 322 profecto
736 271 944 322 quisquam
967 271 1051 310 sine
1071 272 1207 322 grandi
1230 274 1334 311 malo

356 350 569 388 praequam
592 350 650 375 res
672 337 816 388 patitur
837 336 987 375 studuit
1007 337 1233 387 elegantiae.

355 404 425 441 sed
445 401 568 441 amori
588 403 784 441 accedunt
805 402 923 441 etiam
944 403 1042 442 haec
1062 416 1164 453 quae
1184 403 1262 442 dixi
1285 403 1414 442 minus
1432 419 1440 443 ε

356 466 562 514 insomnia,
585 480 783 514 aerumna,
807 480 921 514 error,
947 465 1018 520 [et]
1040 475 1160 506 terror
1180 475 1219 506 et
1239 469 1329 519 fuga
1352 484 1360 507 2

355 531 512 582 ineptia,
536 531 778 582 stultitiaque
797 533 899 570 adeo
920 540 958 571 et
979 532 1202 581 temeritast‚

355 596 611 647 incogitantia
631 610 777 644 excors,
802 597 1048 644 inmodestia,

356 662 573 714 petulantia
593 670 630 701 et
651 663 858 714 cupiditas,
883 663 1151 702 maliuolentia
1174 678 1184 711 ;

356 728 470 767 inerit
491 728 608 767 etiam
629 728 810 777 auiditas,
832 728 994 775 desidia,
1018 729 1167 776 iniuria,

358 793 502 845 inopia,
525 793 765 833 contumelia
785 802 824 833 et
844 794 1109 845 dispendium,

357 859 662 911 multiloquium,
686 859 1006 911 parumloquium
1027 875 1034 898 :
1065 861 1142 899 hoc
1163 860 1254 900 ideo
1274 862 1317 900 fit
1338 860 1430 911 quia

356 939 458 977 quae
479 925 575 965 nihil
596 925 794 977 attingunt
814 927 865 965 ad
887 939 967 964 rem
990 939 1063 964 nec
1084 934 1175 964 sunt
1196 926 1294 973 usui,

356 998 436 1030 tam
456 999 608 1030 amator
628 992 773 1041 profert
794 1004 911 1042 saepe
931 992 1103 1030 aduorso
1123 999 1301 1042 tempore
1317 1006 1327 1039 ;

358 1057 444 1104 hoc,
468 1055 774 1107 pauciloquium,
799 1069 932 1094 rusum
954 1055 1100 1094 idcirco
1121 1055 1315 1106 praedico,

245 1149 261 1154 -
358 1121 450 1173 quia
471 1122 600 1160 nullus
621 1134 810 1171 umquam
831 1128 982 1159 amator
1001 1121 1140 1159 adeost
1159 1120 1301 1160 callide

358 1186 552 1225 facundus
573 1199 674 1236 quae
695 1185 732 1224 in
756 1199 836 1224 rem
858 1185 935 1223 sint
956 1199 1067 1224 suam
1090 1193 1131 1223 ut
1151 1185 1275 1235 possit
1294 1185 1414 1237 loqui.

359 1264 464 1293 nunc
485 1264 556 1290 uos
579 1250 631 1289 mi
652 1250 763 1289 irasci
784 1251 837 1289 ob
859 1250 1152 1300 multiloquium
1175 1263 1254 1288 non
1275 1251 1390 1289 decet
1408 1266 1416 1290 :

358 1315 499 1355 eode'm
521 1328 601 1367 quo
620 1329 794 1354 amorem
818 1317 945 1354 Venu’
967 1315 1019 1354 mi
1041 1316 1117 1354 hoe
1138 1314 1280 1365 legauit
1301 1316 1376 1354 die.

358 1381 449 1420 illuc
470 1381 612 1421 reuorti
633 1388 831 1428 certumst,
855 1388 998 1419 conata
1018 1382 1187 1431 eloquar.

358 1446 550 1498 principio
569 1445 628 1498 <ut
648 1445 713 1495 ex)
732 1446 896 1497 ephebis
917 1454 1044 1485 aetate
1064 1446 1137 1485 exii

355 1520 474 1562 atque
493 1512 648 1551 animus
669 1512 801 1551 studio
821 1519 977 1550 amotus
998 1512 1172 1563 puerilist
1194 1526 1315 1560 meus,

354 1590 485 1616 amare
506 1577 635 1616 ualide
656 1576 770 1628 coepi
793 1577 856 1615 hic
880 1577 1122 1616 meretricem
1144 1593 1149 1615 :
1182 1577 1271 1616 ilico

356 1656 414 1681 res
434 1644 653 1682 exsulatum
674 1643 725 1681 ad
747 1642 851 1680 illam
876 1643 975 1680 clam
998 1642 1133 1680 abibat
1154 1642 1281 1693 patris.

355 1710 445 1747 leno
466 1708 710 1758 inportunus,
734 1707 920 1745 dominus
941 1707 1038 1745 eiius
1060 1707 1241 1755 mulieris,

289 1823 330 1852 23
354 1812 459 1843 studit
478 1811 545 1843 cod.
641 1823 679 1851 24
705 1822 792 1852 quae
812 1813 916 1851 (quod
938 1811 984 1845 B]
1003 1811 1073 1841 dixi
1094 1811 1203 1841 minus
1221 1811 1385 1848 (diximus
1401 1811 1475 1842 PCD
1508 1812 1571 1844 cod.

246 1866 286 1896 ⁴25
310 1861 344 1887 et
378 1867 395 1886 e
410 1855 455 1895 Β)
470 1855 527 1886 del.
545 1855 757 1889 Camerarius
860 1857 901 1885 26
914 1855 993 1894 sort.
1016 1855 1174 1894 ineptiast
1192 1855 1242 1895 (cf
1260 1856 1327 1892 41Nv
1349 1865 1430 1885 nam
1449 1856 1575 1896 ineptia

244 1898 482 1938 vu'xfirendum
574 1899 699 1938 ineptia
716 1906 816 1940 atque
837 1899 977 1930 stultitia
996 1897 1122 1928 Ritschl
1209 1899 1380 1929 temeritas
1398 1898 1480 1936 cdd„
1494 1898 1574 1937 sort.

246 1948 321 1974 reae
339 1943 390 1982 (cſs
409 1942 542 1982 ad330)
632 1954 673 1983 29
699 1945 807 1974 ineret
826 1943 891 1974 cod.
917 1944 949 1981 (j.
966 1954 989 1974 e.
1017 1942 1114 1972 inerit
1131 1945 1192 1972 au!
1207 1942 1374 1972 inhaereo
1449 1941 1574 1973 Inertia

245 1987 332 2018 auid.
349 1986 415 2017 Leo
504 1987 627 2017 residia
641 1987 705 2018 cod.
843 1998 878 2027 31
907 1988 938 2018 id
957 1997 998 2017 co
1013 1986 1084 2016 (del.
1102 1986 1180 2017 hoc)
1197 1984 1299 2015 Marx
1431 1995 1472 2024 32
1495 1992 1574 2017 sunt

247 2031 321 2061 usui
340 2030 549 2061 Camerarius
565 2043 570 2061 :
595 2036 715 2062 suntus
733 2031 799 2061 uidi
818 2031 882 2062 cod.
910 2032 944 2071 (i.
960 2034 996 2069 5]
1086 2039 1127 2069 33
1145 2029 1228 2070 tam]
1247 2040 1285 2059 ca
1312 2029 1436 2060 Rstschl
1501 2040 1572 2069 pro-

247 2074 311 2105 sert
336 2073 496 2114 Pylades:
531 2075 673 2114 proferri
706 2075 770 2106 cod.
907 2085 948 2114 35
984 2085 1121 2114 usquam
1150 2074 1182 2104 Β
1313 2076 1356 2112 36
1387 2073 1455 2104 sint
1479 2083 1573 2104 suam

249 2117 460 2148 Camerarius
475 2131 480 2149 ε
508 2120 588 2150 insit
605 2129 664 2149 sua
674 2119 739 2150 cod.
874 2120 916 2158 38
933 2120 994 2149 hoc
1010 2118 1221 2148 (fmnemm'ns
1236 2129 1242 2148 :
1259 2118 1320 2148 hac
1334 2116 1400 2148 cod.
1533 2127 1576 2156 39

248 2166 409 2192 certumst
428 2161 574 2193 thschl:
599 2168 725 2193 certum
743 2167 777 2193 et
795 2163 820 2202 (i
840 2162 880 2195 C)
901 2162 964 2193 cod.
1080 2172 1123 2199 40
1148 2161 1314 2201 principio
1331 2165 1430 2200 atque
1444 2160 1576 2191 animus

249 2206 402 2245 phoebus
420 2212 511 2237 etate
529 2206 611 2236 exiit
629 2206 693 2236 cod.
712 2208 756 2237 fv.
773 2218 800 2244 4.
814 2216 843 2245 p.
857 2206 914 2240 80)
930 2217 935 2237 ι
962 2216 1039 2236 corr.
1056 2205 1138 2237 Leo:
1165 2215 1194 2244 p.
1216 2209 1250 2234 ut
1267 2210 1361 2236 aetas
1373 2215 1415 2235 ex
1433 2204 1575 2244 ephebis

249 2250 332 2280 exiit
357 2249 483 2280 Ritschl
669 2260 705 2288 41
737 2250 897 2287 pucrilcst
922 2254 1031 2280 meust
1056 2249 1121 2279 cod.
1312 2258 1353 2284 42
1378 2249 1489 2287 coepit
1506 2246 1571 2278 cod.

250 2293 326 2323 hinc
338 2293 441 2324 Bothe
575 2304 617 2332 43
642 2303 695 2323 res
712 2292 793 2323 Plus
808 2304 813 2322 :
840 2303 899 2323 rex
916 2292 981 2323 cod.
1097 2292 1288 2323 exsultatim
1307 2290 1440 2322 Zandcr
1457 2288 1575 2333 (Nord-

255 2335 376 2368 Tn'dskr.
398 2337 457 2368 Fr'l.
484 2338 573 2376 1897,
595 2347 624 2378 p.
652 2337 725 2367 180⁴ss
815 2336 898 2366 clam
920 2334 1136 2367 Gulislsm'us:
1167 2335 1230 2366 iam
1249 2333 1314 2367 cod.
