1727 2712
628 123 918 163 CVRCVLIO
1386 124 1440 160 ΙΙ.
1466 123 1510 159 iii

111 237 212 277 facio
230 252 236 275 :
266 238 386 287 fugite
406 249 557 283 omnes,
579 234 685 273 abite
706 241 744 272 et
764 235 816 272 de
836 233 900 272 uia
920 234 1103 281 secedite,

110 317 160 342 ne
187 316 305 353 quem
336 302 375 340 in
402 315 517 341 cursu
545 300 673 351 capite
701 306 768 337 aut
796 298 931 338 cubito
959 307 1027 337 aut
1056 305 1215 350 pectore
1242 299 1441 337 offendam

1237 371 1304 402 aut
1323 377 1437 413 genu.

108 433 161 472 ita
180 446 286 471 nunc
303 432 445 480 subito,
463 444 628 483 propere
648 438 686 468 et
706 431 831 468 celere
847 429 1086 468 obiectumst
1106 428 1203 467 mihi
1223 428 1436 478 negotium,

108 512 182 537 nec
211 497 415 551 (usquam)
447 496 694 548 quisquamst
727 495 807 533 tam
837 496 1060 545 opulentus,
1092 493 1159 544 qui
1194 494 1247 532 mi
1276 493 1439 543 opsistat
1459 505 1476 536 5

1294 572 1333 596 ιη
1363 572 1439 605 uia,

25 636 89 680 285
110 642 184 667 nec
205 636 394 678 strategus
414 641 488 667 nec
509 635 695 678 tyrannus
716 625 925 676 quisquam
947 638 1021 664 nec
1040 637 1304 675 agoranomus

111 708 183 732 nec
204 695 439 732 demarchus
460 705 534 731 nec
554 693 787 730 comarchus
808 704 882 729 ηερ
903 704 994 729 cum
1017 698 1125 728 tanta
1144 689 1275 740 gloria,

111 758 207 809 quin
226 759 352 805 cadat,
376 758 472 808 quin
493 756 621 806 capite
642 755 751 794 sistat
771 755 810 794 in
832 755 895 794 uia
915 757 966 794 de
987 755 1136 794 semita.

110 831 194 861 tum
214 822 276 861 isti
299 822 439 862 Graeci
460 821 620 872 palliati,
641 820 769 870 capite
790 828 928 870 operto
949 820 1015 870 qui
1035 820 1253 866 ambulant,

110 887 177 938 qui
198 888 388 925 incedunt
409 884 645 925 suffarcinati
666 898 758 923 cum
779 884 896 931 libris,
921 897 1011 923 cum
1033 884 1227 935 sportulis,
1469 901 1507 923 10

27 964 94 998 ²90
111 960 304 999 constant,
328 952 535 990 conferunt
557 962 758 988 sermones
779 949 879 988 inter
899 962 984 988 sese
1005 950 1202 999 drapetae,

111 1024 279 1066 opstant,
303 1015 509 1067 opsistunt,
532 1014 724 1053 incedunt
744 1027 835 1052 cum
858 1013 937 1052 suis
957 1013 1173 1061 sententiis,

111 1095 209 1132 quos
231 1094 386 1132 semper
405 1080 541 1119 uideas
562 1079 744 1119 bibentes
766 1092 852 1118 esse
872 1078 912 1117 in
934 1078 1209 1129 thermopolio,
1260 1090 1262 1094 ’

110 1147 177 1185 ubi
199 1147 295 1197 quid
316 1158 570 1196 surrupuere:
601 1152 739 1195 operto
761 1143 936 1194 capitulo
956 1143 1128 1182 calidum
1150 1143 1303 1191 bibunt,

110 1212 236 1251 tristes
257 1219 375 1262 atque
395 1210 533 1250 ebrioli
554 1210 744 1249 incedunt
762 1225 768 1248 :
800 1222 867 1248 eos
889 1222 962 1259 ego
982 1208 1013 1247 si
1034 1210 1249 1256 offendero,
1470 1225 1506 1257 15

25 1289 92 1326 295
110 1291 158 1316 ex
177 1289 419 1327 unoquoque
440 1289 576 1314 eorum
598 1274 789 1325 crepitum
813 1273 962 1313 exciam
984 1274 1256 1324 polentarium.

111 1350 194 1381 tum
215 1341 278 1379 isti
298 1341 365 1391 qui
385 1342 528 1379 ludunt
548 1339 712 1378 datatim
733 1339 835 1378 serui
856 1352 1074 1377 scurrarum
1096 1339 1135 1377 in
1156 1339 1230 1385 uia,

110 1415 148 1446 et
168 1408 325 1445 datores
346 1414 383 1444 et
404 1407 570 1444 factores
591 1405 720 1443 omnis
743 1405 912 1443 subdam
934 1404 1008 1443 sub
1030 1406 1168 1443 solum.

110 1471 222 1522 proin
243 1484 328 1510 sese
348 1470 457 1510 domi
477 1470 717 1517 contineant,
742 1470 867 1508 uitent
889 1469 1114 1508 infortunio.

111 1538 186 1575 PH.
217 1543 321 1575 recte
345 1535 409 1574 hic
437 1542 639 1582 monstrat,
663 1534 694 1573 si
722 1534 913 1585 imperare
944 1535 1077 1585 possit.
1138 1549 1229 1573 nam
1261 1535 1314 1574 ita
1341 1548 1447 1574 nunc
1468 1553 1508 1575 20

1219 1613 1305 1638 mos
1328 1599 1445 1650 uiget,

6 1700 11 1710 ,
27 1678 93 1712 300
110 1666 163 1705 ita
183 1679 289 1705 nunc
310 1664 574 1705 seruitiumst:
603 1666 781 1714 profecto
803 1665 945 1703 modus
967 1664 1101 1702 haberi
1123 1678 1203 1703 non
1226 1672 1364 1715 potest.

111 1732 183 1771 Cv.
215 1731 349 1782 ecquis
376 1738 434 1769 est
464 1729 532 1781 qui
560 1729 655 1768 mihi
683 1737 939 1768 commostret
966 1731 1258 1768 Phaedromum
1287 1730 1446 1780 genium

1284 1809 1416 1834 meum
1431 1798 1447 1834 ?

110 1861 162 1900 ita
183 1874 242 1900 res
262 1860 391 1900 subita
411 1868 479 1906 est,
499 1860 674 1899 celeriter
691 1860 743 1898 mi
764 1861 841 1898 hoc
858 1860 1020 1899 homine
1038 1869 1238 1899 conuento
1256 1869 1313 1899 est
1333 1874 1443 1912 opus

112 1928 181 1965 ΡΑ.
213 1926 250 1965 te
271 1926 335 1965 ille
362 1926 523 1977 quaerit.
585 1927 658 1964 PH.
691 1925 787 1975 quid
812 1925 841 1964 si
863 1927 1082 1964 adeamus?
1122 1927 1219 1964 heus
1248 1926 1444 1973 Curculio,

1282 1999 1320 2029 te
1340 1992 1443 2029 uolo.

111 2058 185 2097 CV.
216 2057 303 2108 quis
324 2058 471 2095 uocat?
499 2056 587 2106 quis
609 2055 788 2095 nominat
804 2059 898 2096 me?
956 2059 1029 2096 ΡΗ.
1063 2057 1129 2108 qui
1147 2065 1184 2096 te
1202 2065 1444 2095 conuentum
1466 2075 1504 2106 25

1325 2121 1443 2171 cupit.

155 2227 215 2258 281
242 2227 398 2258 decedite
416 2226 541 2257 Ritschl
692 2228 756 2266 284
781 2238 844 2260 nec
862 2239 1003 2268 usquam
1022 2241 1055 2269 q.
1072 2230 1186 2269 scrzpsz'
1202 2241 1208 2259 :
1230 2209 1395 2267 nusquam
1413 2238 1444 2267 q.

112 2271 228 2311 Lange
433 2272 496 2301 288
532 2270 605 2301 istic
631 2270 697 2301 cod.
720 2271 779 2311 (iv.
797 2272 832 2310 4)
1065 2283 1128 2311 290
1153 2283 1190 2303 se
1208 2273 1271 2302 cod.
1296 2272 1347 2311 (cf.
1367 2272 1443 2309 298)

112 2324 175 2353 292
207 2315 417 2353 hermopolio
444 2313 507 2345 cod.
645 2324 708 2354 294
733 2319 797 2353 ego
823 2314 960 2358 (nunc)
991 2317 1087 2347 Gofftz
1231 2324 1293 2354 295
1321 2315 1445 2345 extiam

113 2358 275 2397 crepitum
288 2358 372 2389 cod.:
390 2359 460 2388 traz'.
475 2357 615 2388 Schoell:
635 2358 801 2388 excutiam
819 2368 864 2390 cr.
882 2359 1094 2390 Camerarius
1239 2360 1302 2397 298
1328 2369 1364 2388 se
1378 2358 1442 2389 (od.

117 2401 167 2440 (cs.
186 2402 263 2441 290)
394 2401 579 2431 infortunio
596 2399 743 2440 Popma:
770 2401 953 2433 infortunia
978 2402 1041 2434 cod.
1063 2403 1099 2444 (i.
1118 2403 1155 2441 9)
1293 2412 1356 2441 302
1381 2402 1445 2433 hoc

114 2444 172 2476 del.
191 2444 361 2475 Fleckeisen
382 2446 435 2476 (iv.
453 2446 487 2484 3)
505 2457 510 2474 ς
537 2454 578 2474 eo
595 2443 681 2474 Brzx
