1727 2702
719 409 1102 458 PROLOGVS

243 553 416 592 Salutem
436 551 607 604 primum
628 551 706 590 iam
725 564 748 590 a
770 550 963 602 principio
982 550 1190 602 propitiam

243 617 339 657 mihi
359 626 477 668 atque
498 617 623 664 uobis,
646 624 899 667 spectatores,
920 615 1071 654 nuntio.

241 685 409 735 adporto
429 683 543 722 uobis
565 682 948 732 Plautum-lingua,
971 695 1051 720 non
1072 695 1216 720 manu:

242 762 390 800 quaeso
410 755 452 788 ut
473 747 653 798 benignis
673 747 874 798 accipiatis
894 746 1063 786 auribus.

204 827 222 860 5
243 827 350 854 nunc
369 821 643 865 argumentum
663 812 831 863 accipite
850 820 969 862 atque
989 812 1165 850 animum
1185 810 1381 852 aduortite
1393 824 1406 861 ;

243 891 363 930 quarn
384 885 522 930 potero
542 877 582 916 in
603 877 725 916 uerba
745 878 945 915 conferam
966 876 1225 927 paucissuma.

297 951 416 995 atque
436 945 512 983 hoc
532 950 674 994 poetae
695 942 843 981 faciunt
864 941 904 980 in
925 941 1166 980 comoediis:

244 1009 373 1049 omnis
394 1022 453 1048 res
472 1016 600 1059 gestas
619 1021 705 1047 esse
727 1007 894 1046 Athenis
914 1014 1135 1054 autumant,

245 1088 325 1126 quo
346 1075 442 1114 illud
462 1073 577 1113 uobis
596 1086 779 1125 graecum
800 1072 980 1111 uideatur
1000 1071 1122 1122 magis
1137 1086 1146 1119 ;

187 1155 226 1179 10
245 1153 319 1191 ego
338 1153 533 1191 nusquam
555 1139 684 1178 dicam
706 1137 780 1177 nisi
801 1137 869 1176 ubi
890 1138 1036 1175 facturn
1058 1136 1210 1175 dicitur.

243 1213 363 1256 atque
383 1206 484 1244 adeo
505 1206 581 1243 hoc
601 1211 875 1255 argumentum
895 1201 1114 1252 graecissat,
1137 1209 1269 1240 tamen

243 1283 324 1309 non
344 1270 543 1317 atticissat,
566 1283 702 1308 uerum
724 1267 982 1307 sicilicissitat.

243 1336 360 1378 †huic
380 1343 612 1386 argumento
632 1333 873 1384 antelogium
895 1334 972 1372 hoc
993 1332 1115 1380 fuit†;

245 1415 350 1440 nunc
369 1408 644 1452 argumentum
666 1399 780 1438 uobis
799 1400 1034 1438 demensum
1055 1399 1172 1446 dabo,

188 1481 224 1513 15
246 1481 327 1507 non
349 1466 484 1507 modio
504 1479 632 1516 neque
653 1464 850 1512 trimodio‚
873 1477 1009 1502 uerum
1031 1463 1117 1514 ipso
1138 1465 1300 1502 horreo:

245 1540 398 1572 tantum
417 1533 469 1570 ad
489 1532 725 1570 narrandum
746 1537 1021 1580 argumentum
1042 1529 1153 1567 adest
1174 1527 1404 1578 benignitas.

298 1604 490 1637 mercator
510 1596 672 1648 quidam
694 1595 765 1634 fuit
787 1593 986 1645 Syracusis
1007 1607 1136 1640 senex,

244 1662 279 1703 ei
300 1670 390 1702 sunt
411 1661 491 1701 nati
512 1661 578 1699 filii
599 1660 744 1711 gemini
766 1661 859 1707 duo,

245 1729 298 1768 ita
317 1729 442 1767 forma
461 1726 577 1766 simili
598 1725 730 1777 puerei
752 1725 806 1764 uti
830 1733 952 1764 mater
972 1739 1042 1764 sua

187 1809 226 1831 20
246 1807 324 1833 non
346 1793 562 1832 internosse
583 1799 715 1843 posset
735 1805 836 1842 quae
858 1805 1070 1830 mammam
1092 1791 1222 1838 dabat,

245 1871 374 1909 neque
393 1859 495 1896 adeo
517 1864 638 1895 mater
660 1856 743 1907 ipsa
764 1870 866 1906 quae
887 1856 973 1894 illos
994 1863 1206 1906 pepererat,

243 1925 301 1974 (ut
323 1923 484 1975 quidem
506 1923 569 1961 ille
590 1922 688 1961 dixit
711 1922 804 1960 mihi
827 1922 893 1972 qui
915 1935 1056 1972 pueros
1077 1921 1251 1959 uiderat:

243 2002 316 2040 ego
337 1989 423 2027 illos
445 2002 524 2027 non
546 1988 639 2035 uidi,
664 2001 713 2026 ne
735 1987 822 2037 quis
845 1995 1019 2024 nostrum
1042 1985 1229 2035 censeat).

244 2061 452 2104 postquam
475 2054 552 2092 iarn
574 2053 681 2104 pueri
703 2060 940 2102 septuennes
961 2058 1061 2095 sunt,
1085 2058 1193 2099 pater

185 2135 224 2168 25
245 2119 422 2158 onerauit
443 2119 575 2157 nauim
599 2131 779 2168 magnam
802 2116 934 2154 multis
956 2115 1174 2161 mercibus;

245 2182 412 2233 imponit
431 2181 632 2232 geminum
653 2181 816 2218 alterum
839 2179 877 2216 in
899 2177 1029 2216 nauim
1052 2185 1170 2227 pater,

288 2286 308 2316 8
332 2295 451 2316 omncs
469 2284 542 2315 ltai.
706 2293 728 2322 9
752 2282 850 2312 uobis
867 2281 946 2311 illud
965 2279 1105 2320 Pylades
1255 2289 1291 2318 13
1315 2276 1460 2321 (igitur)
1476 2287 1573 2316 argu-

246 2335 360 2360 mento
374 2329 480 2367 Bergk
605 2326 666 2356 suit
683 2324 863 2367 (interim)
874 2324 999 2354 Sclioell
1014 2324 1204 2361 ‘exAuson‚
1218 2327 1264 2362 ep.
1283 2323 1321 2352 16
1333 2321 1453 2363 prag-fil
1472 2333 1478 2352 :
1495 2321 1564 2361 sor!

244 2371 348 2416 (fini)
365 2372 423 2403 suit
563 2371 599 2401 16
623 2375 713 2400 tanta
731 2369 802 2400 Ital.
940 2368 982 2397 26
1005 2368 1216 2407 geminorum
1234 2364 1413 2396 Hermann
