1727 2712
651 111 923 149 ASINARIA
1397 111 1450 147 ΙΙ.
1471 109 1502 146 ii

127 224 257 263 nudus
278 222 433 261 uinctus
454 230 614 261 centum
637 222 774 271 pondo
793 234 846 267 es,
865 221 1027 269 quando
1048 221 1198 271 pendes
1220 233 1288 270 per
1307 221 1439 270 pedes.
1478 232 1519 264 35

128 290 188 327 L1.
221 288 302 338 quo
321 294 555 338 argumento
576 287 705 325 istuc?
763 286 833 323 LE.
866 298 939 334 ego
960 284 1102 332 dicam,
1125 285 1206 335 quo
1225 291 1457 335 argumento

1162 357 1200 387 et
1220 363 1300 399 quo
1321 350 1454 388 modo.

125 419 174 456 ad
195 418 317 468 pedes
338 417 499 467 quando
520 416 773 466 adligatumst
793 427 964 464 aequom
985 414 1358 464 centumpondium,

125 482 193 520 ubi
228 495 367 521 manus
403 481 583 520 manicae
621 481 851 531 complexae
885 487 976 518 sunt
1015 469 1134 530 atque
1171 480 1368 518 adductae
1406 480 1457 518 ad

1294 544 1456 591 trabem,

39 627 105 665 305
126 625 200 650 nec
219 613 422 662 dependes
443 624 518 650 nec
538 609 916 662 propendes—-quin
938 610 1064 647 malus
1085 622 1337 659 nequamque
1358 608 1419 658 sis.

128 678 186 715 L1.
219 690 292 715 uae
312 677 384 715 tibi
403 680 409 715 !
468 678 538 715 LE.
571 678 648 714 hoc
669 683 906 714 testamento
928 674 1102 713 Seruitus
1124 676 1225 725 legat
1246 674 1326 713 tibi.
1477 691 1521 723 40

128 743 187 780 Li.
220 741 601 780 uerbiuelitationem
624 740 705 779 fieri
726 739 940 790 compendi
961 741 1064 778 uolo.

126 806 223 858 quid
247 807 347 845 istuc
367 814 425 845 est
447 806 610 856 negoti?
664 807 734 844 LE.
767 812 918 844 certum
940 812 997 843 est
1019 805 1187 843 credere.
1249 806 1309 842 L1.
1341 805 1458 842 auda-

1095 877 1186 907 cter.
1252 871 1322 907 LE.
1356 869 1460 916 licet,

127 937 178 976 sis
198 936 346 976 amanti
368 936 580 975 subuenire
602 935 780 974 familiari
801 934 906 974 filio:

39 1017 108 1052 310
126 1010 280 1040 tantum
300 1003 411 1040 adest
433 1000 526 1040 boni
549 1000 764 1051 inprouiso,
787 1014 924 1038 uerum
946 999 1203 1039 commixtum
1225 1000 1353 1038 malo:

126 1081 265 1107 omnes
285 1068 336 1105 de
357 1066 472 1104 nobis
494 1066 737 1104 carnuficum
759 1065 1142 1103 concelebrabuntur
1162 1065 1256 1103 dies.
1479 1081 1522 1114 45

128 1133 290 1179 Libane,
314 1145 419 1170 nunc
440 1130 607 1170 audacia
628 1137 739 1168 usust
760 1130 875 1167 nobis
896 1129 1058 1168 inuenta
1078 1137 1116 1168 et
1136 1129 1248 1168 dolis.

126 1205 279 1236 tantum
300 1197 451 1235 facinus
473 1197 596 1234 modo
618 1195 751 1233 inueni
774 1208 858 1244 ego,
882 1202 924 1233 ut
945 1208 1017 1233 nos
1037 1194 1215 1233 dicamur
1234 1196 1317 1234 duo

127 1263 306 1302 omnium
327 1261 560 1312 dignissumi
583 1274 668 1299 esse
689 1274 770 1310 quo
791 1260 985 1299 cruciatus
1006 1262 1218 1298 confluant.

41 1341 106 1378 315
130 1330 188 1367 L1.
221 1341 313 1378 ergo
334 1327 502 1365 mirabar
524 1327 633 1376 quod
655 1327 808 1364 dudum
833 1327 1016 1375 scapulae
1037 1325 1232 1376 gestibant
1254 1325 1360 1373 mihi,

129 1393 308 1432 hariolari
329 1405 431 1442 quae
452 1399 693 1442 occeperunt
716 1391 790 1429 sibi
813 1404 898 1429 esse
919 1391 958 1428 in
980 1392 1132 1429 mundo
1153 1393 1310 1429 malum.
1482 1406 1524 1439 50

128 1458 323 1509 quidquid
344 1464 414 1504 est,
437 1458 632 1507 eloquere.
695 1457 766 1494 LE.
800 1469 941 1506 magna
962 1463 1020 1494 est
1041 1457 1186 1506 praeda
1206 1470 1296 1494 cum
1318 1469 1463 1506 magno

1344 1523 1458 1560 malo.

130 1591 189 1628 L1.
222 1589 253 1628 si
273 1589 435 1640 quidem
457 1602 597 1628 omnes
619 1588 811 1627 coniurati
835 1588 1103 1627 cruciamenta
1123 1589 1337 1634 conferant,

129 1656 259 1694 habeo
279 1655 420 1706 opinor
441 1654 897 1704 familiarem-tergum,
923 1667 972 1692 ne
994 1667 1180 1704 quaeram
1202 1653 1306 1692 foris.

41 1735 110 1771 3²0
130 1722 200 1758 LE.
233 1720 264 1758 si
285 1720 398 1758 istam
420 1718 703 1758 firmitudinem
724 1718 846 1757 animi
867 1718 1034 1769 optines,
1058 1719 1154 1757 salui
1176 1732 1323 1756 sumus.

130 1787 190 1824 L1.
223 1785 318 1836 quin
340 1785 370 1823 si
392 1792 501 1835 tergo
521 1797 581 1823 res
602 1785 796 1822 soluenda
816 1791 885 1831 est,
911 1797 1046 1834 rapere
1065 1783 1184 1833 cupio
1204 1784 1408 1834 publicum
1427 1799 1434 1822 :
1482 1792 1522 1823 55

128 1850 353 1900 pernegabo
372 1858 492 1900 atque
512 1850 732 1895 obdurabo,
757 1848 957 1899 peiierabo
978 1849 1162 1899 denique.

130 1917 200 1954 LE.
238 1915 300 1954 e‘m
335 1915 455 1954 istaec
490 1914 613 1954 uirtus
651 1922 720 1961 est,
757 1915 920 1964 quando
951 1922 1062 1952 usust
1100 1914 1167 1965 qui
1208 1916 1354 1952 malum
1390 1917 1461 1954 fert

1289 1980 1437 2019 fortiter
1452 1996 1461 2027 3
1481 1988 1484 1989 ’

172 2062 237 2093 305
262 2062 325 2083 nec
349 2052 515 2091 dependis
540 2062 604 2083 nec
630 2051 817 2090 propcndis
841 2050 907 2083 cod.
1064 2052 1129 2089 306
1153 2050 1234 2090 hoc]
1263 2051 1345 2081 istoc
1375 2052 1461 2089 (auc)

129 2095 215 2126 Bn'x
300 2106 362 2135 307
380 2096 495 2126 uerbis
505 2095 737 2126 uelitationem
749 2094 814 2126 cod.
825 2120 831 2131 ‚
844 2095 917 2125 item
931 2094 1063 2134 Nom'i3
1076 2107 1078 2118 r
1090 2095 1108 2125 i.
1122 2095 1158 2134 9]
1249 2096 1313 2133 308
1332 2096 1461 2133 negotii

129 2144 205 2170 est:
228 2150 304 2171 corr.
329 2139 464 2170 Gm'etus
589 2149 653 2178 313
679 2138 796 2180 modo]
815 2139 916 2169 hodie
936 2139 1077 2169 Mueller
1178 2149 1242 2176 ego
1260 2138 1326 2169 inu.
1347 2138 1457 2169 Bothe.

129 2183 267 2223 displicet
281 2184 321 2213 iis
335 2183 446 2214 hiatus
462 2184 562 2214 modo
584 2184 589 2224 Ι
610 2183 656 2213 in.
806 2183 873 2221 316
894 2192 971 2213 esse
995 2183 1058 2213 sibi
1076 2182 1108 2211 A
1115 2181 1260 2219 cidalius,
1279 2183 1334 2212 cui
1352 2182 1463 2212 hiatus

129 2227 191 2257 sibi
213 2227 218 2267 Ι
238 2237 314 2257 esse
330 2226 470 2268 displicet
615 2237 681 2265 319
703 2226 753 2256 vel
768 2227 871 2266 opino
960 2226 1161 2256 familiarem
1181 2229 1318 2255 testatur
1333 2225 1462 2255 Nonius

130 2280 215 2309 227:
241 2270 406 2300 familiare
423 2270 487 2302 cod.
625 2280 690 2308 320
714 2270 960 2300 firmitudinem
985 2273 1123 2300 testatur
1136 2269 1270 2299 Nonius
1297 2279 1378 2308 109:
1406 2269 1460 2299 fir-

131 2314 288 2344 midinem
314 2313 379 2345 cod.
409 2318 447 2344 ut
461 2313 525 2346 vid.
546 2313 773 2354 (formidinem
791 2313 830 2352 E,
851 2313 1056 2343 firmidinem
1082 2313 1125 2351 D,
1153 2313 1390 2343 firmitudinem
1417 2311 1457 2349 B,

130 2357 364 2387 fortitudinem
393 2357 436 2397 J)
614 2367 674 2396 321
703 2367 757 2387 res
782 2357 945 2387 soluenda
969 2356 1130 2396 Pylades:
1165 2356 1367 2386 resoluenda
1393 2356 1457 2387 cod.

130 2410 194 2441 322
219 2400 395 2441 periurabo
413 2401 472 2441 (ita
490 2400 586 2441 cod.)]
606 2400 797 2442 perdurabo
816 2402 855 2442 (3)
875 2399 941 2431 Leo
1051 2409 1114 2441 323
1133 2400 1195 2430 ista
1212 2399 1276 2431 cod.
