1727 2712
600 108 958 147 MENAECHMI
1367 108 1438 145 IV.
1457 106 1488 145 ii

113 218 197 255 MA.
220 225 386 267 egomet.
420 219 488 254 PE.
512 224 549 255 et
566 230 649 267 ego.
692 224 811 267 atque
828 216 920 255 huic
935 217 1085 256 amicae
1102 217 1275 256 detulisti
1290 217 1438 256 Erotio.
1458 232 1501 265 90

112 283 228 320 ΜΕΝ.
268 295 369 331 egon
404 281 526 320 dedi?
584 284 669 320 MA.
712 290 765 329 tu,
806 284 848 320 tu
893 281 990 329 istic,
1028 281 1201 332 inquam.
1260 285 1328 320 PE.
1372 282 1440 320 uin

1081 347 1221 386 adferri
1241 355 1439 394 noctuam,

110 425 211 461 quae
235 414 297 450 ‘tu
319 413 382 449 tu'
403 425 527 461 usque
548 411 653 450 dicat
674 411 774 450 tibi?
803 425 895 450 nam
916 426 989 451 nos
1010 412 1086 450 iam
1107 412 1250 451 defessi
1270 426 1418 451 sumus.

24 477 88 521 655
112 477 227 514 ΜΕΝ.
267 489 336 526 per
366 477 506 515 Iouem
539 478 716 527 deosque
750 476 879 515 omnis
909 477 1058 524 adiuro,
1088 491 1184 516 uxor
1216 477 1333 528 (satin
1365 479 1442 517 hoc

1233 551 1291 581 est
1312 543 1382 582 tibi
1396 544 1440 594 ?),

108 619 189 644 non
210 605 378 644 dedisse.
429 608 497 644 PE.
530 606 654 645 immo
674 608 805 645 hercle
826 620 930 654 uero,
950 620 1022 645 nos
1044 620 1122 645 non
1141 608 1281 645 falsum
1298 607 1438 646 dicere.

111 672 227 709 ΜΕΝ.
259 672 328 709 sed
349 684 422 721 ego
443 671 549 709 illam
571 685 651 710 non
673 672 910 719 condonaui,
930 673 999 710 sed
1021 672 1075 710 sic
1096 674 1285 711 utendam
1307 673 1411 712 dedi.
1460 689 1501 721 95

110 738 194 774 MA.
226 736 411 786 equidem
442 744 594 775 ecastor
623 745 730 775 tuam
761 751 834 776 nec
864 739 1112 787 chlamydem
1147 739 1200 776 do
1234 739 1336 777 foras
1367 752 1440 777 nec

1278 803 1440 854 pallium

107 866 323 916 quoiquam
358 868 563 906 utendum.
623 867 825 906 mulierem
860 881 1029 918 aequom
1066 876 1123 906 est
1158 868 1438 907 uestimentum

1250 933 1441 972 muliebre

21 1002 89 1037 660
107 998 199 1035 dare
220 998 333 1044 foras,
357 997 484 1035 uirum
506 997 626 1036 uirile.
686 997 782 1048 quin
803 999 920 1036 refers
941 1000 1084 1048 pallam
1106 999 1302 1037 domum?

108 1063 224 1100 ΜΕΝ.
256 1076 329 1112 ego
350 1064 438 1101 faxo
459 1064 653 1101 referetur.
718 1065 802 1101 ΜΑ.
826 1077 872 1101 ex
893 1078 932 1101 re
953 1071 1029 1110 tua,
1048 1071 1090 1101 ut
1111 1063 1260 1114 opinor,
1280 1063 1415 1103 feceris
1433 1079 1442 1111 ;

108 1141 199 1165 nam
220 1128 384 1165 domum
407 1141 625 1177 numquam
646 1127 825 1166 introibis
847 1128 921 1166 nisi
943 1129 1039 1166 feres
1061 1130 1203 1178 pallam
1226 1128 1352 1167 simul.
1463 1143 1524 1164 100

107 1206 155 1231 eo
188 1194 364 1232 domum.
434 1195 502 1231 PE.
549 1193 645 1243 quid
685 1193 780 1231 mihi
819 1195 992 1231 futurum
1031 1202 1089 1232 est
1123 1193 1189 1244 qui
1229 1193 1298 1232 tibi
1338 1195 1440 1232 hanc

1136 1272 1296 1308 operam
1318 1258 1441 1297 dedi?

108 1324 191 1361 MA.
215 1337 335 1374 opera
347 1324 542 1370 reddetur,
559 1324 721 1373 quando
735 1323 831 1373 quid
845 1323 915 1361 tibi
929 1323 999 1362 erit
1013 1331 1237 1373 surruptum
1251 1324 1441 1362 domo.—

20 1394 85 1439 665
107 1390 175 1426 PE.
208 1388 248 1427 id
275 1389 437 1439 quidem
465 1389 607 1438 edepol
637 1401 856 1438 numquam
887 1388 967 1435 erit,
998 1401 1089 1426 nam
1117 1387 1214 1426 nihil
1244 1396 1302 1427 est
1331 1390 1440 1438 quod

1129 1454 1291 1503 perdam
1317 1453 1437 1492 domi.

105 1533 196 1558 cum
217 1519 301 1558 uiro
322 1533 413 1557 cum
434 1532 564 1565 uxore,
587 1518 628 1557 di
649 1532 720 1556 uos
741 1519 908 1569 perdant
927 1521 933 1555 ἔ
990 1518 1210 1568 properabo
1230 1519 1282 1557 ad
1298 1519 1437 1566 forum,

105 1598 196 1623 nam
217 1599 264 1623 ex
285 1585 358 1623 hac
378 1583 525 1622 familia
545 1597 608 1622 me
629 1585 746 1634 plane
767 1583 958 1622 e'xcidisse
979 1583 1233 1634 intellego.-—
1463 1595 1522 1628 105

106 1651 222 1687 MEN.
255 1651 356 1687 male
372 1649 426 1687 mi
442 1663 539 1688 uxor
554 1663 638 1688 sese
654 1649 793 1687 fecisse
809 1657 954 1696 censet,
970 1662 1091 1699 quom
1108 1649 1271 1688 exclusit
1287 1650 1388 1688 foras
1403 1664 1412 1697 3

105 1714 216 1764 quasi
236 1727 316 1752 non
338 1715 506 1752 habeam
528 1728 608 1764 quo
628 1714 865 1753 intromittar
884 1713 1003 1752 alium
1026 1714 1227 1752 meliorem
1248 1715 1392 1753 locum.

18 1781 87 1824 670
105 1778 136 1817 si
156 1779 227 1818 tibi
247 1779 448 1829 displiceo,
472 1780 708 1830 patiundum
726 1795 732 1818 :
762 1788 801 1818 at
822 1781 1006 1830 placuero
1027 1779 1119 1818 huic
1140 1779 1287 1828 Erotio,

103 1857 204 1894 quae
225 1858 288 1883 me
308 1858 389 1883 non
411 1846 592 1883 excludet
611 1846 663 1884 ab
684 1859 735 1893 se,
759 1846 829 1884 sed
849 1846 955 1896 apud
977 1858 1017 1884 se
1038 1847 1221 1884 occludet
1242 1846 1363 1884 domi.

103 1922 209 1948 nunc
230 1910 307 1956 ibo,
331 1911 452 1949 orabo
473 1918 515 1948 ut
536 1910 632 1948 mihi
654 1912 797 1960 pallam
819 1912 958 1949 reddat
979 1924 1097 1961 quam
1119 1911 1271 1949 dudum
1292 1910 1385 1949 dedi
1401 1925 1411 1958 ‚-
1461 1925 1520 1946 110
1554 1928 1559 1933 ·

101 1973 217 2012 aliam
239 1973 293 2012 illi
313 1974 504 2013 redimam
525 1975 740 2014 meliorem.
799 1976 918 2013 heus!
950 1975 1085 2025 ecquis
1106 1974 1170 2013 hic
1190 1983 1248 2013 est
1269 1974 1438 2013 ianitor?

102 2039 248 2089 aperite
268 2047 387 2089 atque
409 2039 589 2078 Erotium
609 2040 750 2090 aliquis
771 2048 936 2078 euocate
956 2048 1047 2079 ante
1068 2040 1225 2078 ostium.

147 2144 256 2182 653—4
273 2143 329 2172 uin
347 2167 354 2174 .
369 2167 376 2174 .
391 2167 398 2174 .
418 2153 533 2173 sumus
551 2148 724 2174 matronae
739 2145 932 2174 continuant
947 2145 1002 2174 alit
1091 2145 1155 2183 654
1181 2154 1242 2174 nos
1259 2145 1323 2175 iam
1341 2145 1413 2175 Ital.
1428 2157 1434 2176 ε

106 2196 168 2217 nos
186 2187 250 2217 iam
263 2184 358 2227 [nos]
369 2186 434 2217 cod.
504 2188 566 2226 656
582 2187 633 2218 vel
647 2188 825 2218 dedisse—
838 2189 1000 2227 (sermone
1014 2188 1106 2217 intem
1114 2192 1205 2228 upto)
1269 2188 1343 2229 Pa]
1363 2187 1432 2220 MA.

105 2230 164 2260 alii
271 2231 332 2260 661
358 2229 408 2260 vel
420 2231 523 2269 opino
633 2232 698 2269 663
721 2241 762 2261 eo
775 2230 906 2270 Bentley
923 2242 929 2260 :
955 2242 1018 2270 ego
1039 2231 1105 2261 cod.
1209 2233 1273 2270 664
1296 2241 1434 2272 operam

106 2273 171 2305 cod.
189 2273 244 2304 vix
261 2277 334 2304 recte
351 2274 443 2313 (corr.
464 2272 528 2312 ΒΕ)
706 2275 772 2304 666
795 2285 861 2313 qua
880 2275 987 2304 virum
1011 2285 1077 2313 qua
1097 2284 1239 2305 uxorem
1260 2275 1435 2306 Fleckeisen

105 2319 169 2355 670
192 2317 425 2356 patiundumst
440 2328 448 2355 ;
484 2318 528 2357 pl.
561 2318 690 2349 Rilsclzl
722 2318 772 2359 (cf.
811 2318 1015 2348 Herkenrath
1053 2317 1091 2348 de
1121 2318 1262 2357 gerund.
1302 2330 1333 2358 p.
1379 2321 1432 2358 ΙΙ)

104 2362 165 2399 671
193 2361 339 2391 occludit
355 2360 424 2391 cod.
450 2362 527 2401 (pro
544 2368 592 2392 -et
606 2362 632 2400 Ζ)
767 2362 831 2400 673
856 2361 940 2392 heus
957 2361 1033 2393 Ital.
1049 2373 1054 2391 :
1089 2361 1161 2392 eius
1178 2361 1242 2392 cod.
1267 2364 1344 2402 (pro
1361 2373 1432 2396 eus.

104 2403 155 2435 i.e.
175 2405 276 2443 heus)
408 2406 471 2442 674
495 2405 598 2444 aliqui
616 2405 648 2435 Β

149 2469 269 2491 PLAVT.
289 2470 298 2490 1
1301 2450 1357 2483 27'
