1727 2702
120 139 201 179 V.1
605 142 650 179 T.
687 139 865 181 MACCI
899 142 1100 180 PLAVTI

187 254 274 304 quis
297 267 358 292 me
375 253 542 292 Athenis
564 266 669 292 nunc
691 253 803 304 magi'
819 252 1028 304 quisquam
1049 261 1107 293 est
1127 254 1249 293 homo
1268 254 1361 305 quoi
1382 253 1422 294 di
1443 253 1520 293 sint
1537 258 1607 293 810

1333 319 1521 370 propitii?

191 385 261 422 Lv.
293 390 401 422 certo
428 382 534 422 enim
561 396 635 432 ego
662 396 803 422 uocem
834 383 897 422 hic
925 383 1122 434 loquentis
1153 385 1274 423 modo
1304 383 1355 421 mi
1385 383 1520 423 audire

1002 448 1100 487 uisu'
1121 462 1218 487 sum.
1279 450 1322 486 L.
1347 450 1382 488 S.
1416 449 1518 495 hem,

154 526 172 558 5
190 527 353 552 erumne
373 526 446 564 ego
466 512 616 564 aspicio
637 515 800 552 meum?
858 515 927 552 Lv.
960 513 1107 554 uideon
1136 527 1210 564 ego
1231 515 1336 553 hunc
1364 527 1519 552 seruom

1360 591 1491 617 meum
1505 579 1522 616 ?

191 645 233 682 L.
257 646 293 683 S.
327 643 434 694 ipsus
454 651 523 682 est.
575 644 647 682 ΙΝ.
669 644 775 683 haud
795 643 893 683 alius
914 651 982 683 est.
1034 645 1076 683 L.
1099 646 1139 684 S.
1160 643 1401 695 congrediar.
1450 645 1519 682 ΙΝ.

1108 711 1321 748 contollam
1343 710 1522 760 gradum.

190 775 311 814 credo
331 787 404 824 ego
426 773 547 821 illum,
571 776 613 812 ut
640 773 744 821 iussi,
767 787 927 825 eampse
951 788 1072 813 anum
1092 774 1246 821 adiisse,
1269 774 1384 813 huius
1406 773 1522 812 nutri·
1541 750 1609 840 {³¹3¹

1241 852 1327 878 cern
1349 851 1519 889 ulrgmis.

192 906 235 943 L.
258 906 294 943 S.
327 903 422 955 quin
443 917 517 955 ego
546 903 599 942 illi
629 918 691 944 me
716 903 914 944 inuenisse
943 904 1035 944 dico
1061 905 1163 943 hanc
1190 905 1375 955 praedam
1404 911 1523 954 atque

1331 970 1524 1020 eloquor?

192 1035 306 1086 igitur
326 1036 448 1075 orabo
469 1043 511 1074 ut
532 1049 650 1074 manu
673 1050 736 1075 me
756 1035 919 1075 emittat.
978 1036 1045 1075 ibo
1064 1044 1183 1086 atque
1203 1037 1372 1086 eloquar.

135 1119 174 1141 10
192 1101 474 1153 repperi—LV.
503 1101 600 1153 quid
621 1101 853 1153 repperisti?
911 1103 951 1140 L.
971 1103 1010 1141 S.
1040 1115 1120 1141 non
1141 1102 1250 1152 quod
1270 1101 1378 1153 pueri
1394 1100 1524 1140 clami-

1441 1174 1523 1206 tant

192 1233 230 1272 in
253 1234 343 1272 faba
363 1248 404 1273 se
425 1234 652 1285 repperisse.
714 1235 783 1273 Lv.
816 1234 946 1273 iamne
966 1241 1114 1282 autern,
1133 1241 1174 1272 ut
1195 1235 1326 1273 soles?
1355 1233 1520 1273 deludis.

194 1301 235 1337 L.
255 1300 290 1338 S.
315 1313 389 1346 ere,
406 1313 532 1346 mane,
548 1301 710 1350 eloquar
730 1299 819 1347 iarn,
834 1301 1023 1338 ausculta.
1054 1301 1123 1337 Lv.
1146 1312 1218 1349 age
1238 1312 1329 1350 ergo
1349 1300 1520 1349 loquere.
1542 1298 1611 1333 820

1084 1365 1126 1403 L.
1149 1366 1186 1403 S.
1219 1364 1368 1415 repperi
1391 1364 1521 1412 hodie,

191 1442 269 1477 ere,
289 1428 446 1469 diuitias
468 1429 618 1468 nimias.
680 1431 750 1468 Lv.
773 1430 965 1469 ubinam?
1023 1431 1066 1468 L.
1089 1431 1125 1468 S.
1157 1430 1447 1480 quadrilibrem,
1470 1430 1524 1468 in-

947 1508 1076 1544 quam,
1099 1495 1228 1533 aulam
1249 1494 1329 1533 auri
1352 1496 1522 1546 plenam.

195 1560 264 1597 Lv.
295 1559 404 1609 quod
435 1572 508 1609 ego
537 1559 687 1598 facinus
716 1559 836 1598 audio
865 1573 910 1597 ex
940 1560 1007 1598 te?
1083 1561 1124 1597 L.
1148 1561 1184 1598 S.
1223 1560 1404 1599 Euclioni
1432 1560 1523 1599 huic

1227 1625 1310 1664 seni
1331 1625 1521 1676 surrupui.

138 1702 175 1734 15
195 1690 265 1728 Lv.
297 1689 365 1728 ubi
387 1689 426 1728 id
446 1696 505 1729 est
524 1691 694 1728 aurum?
751 1691 792 1728 L.
817 1691 852 1728 S.
886 1689 924 1727 in
945 1703 1034 1728 arca
1048 1691 1154 1740 apud
1172 1704 1245 1729 me.
1305 1704 1410 1729 nunc
1431 1691 1524 1729 uolo

1162 1769 1224 1794 me
1244 1755 1368 1794 emitti
1391 1769 1519 1794 manu.

464 1821 533 1857 Lv.
566 1833 691 1869 egone
713 1827 750 1858 te
770 1819 946 1859 emittam
969 1834 1100 1868 manu,

460 1885 649 1923 scelerum
672 1885 1023 1924 cumulatissume?
1543 1881 1608 1924 825

464 1951 505 1987 L.
529 1951 564 1987 S.
596 1949 672 1996 abi,
695 1964 770 1997 ere,
793 1951 875 1989 scio
895 1964 1013 2000 quam
1036 1964 1115 1989 rem
1136 1964 1258 2001 geras.

193 2014 322 2065 lepide
362 2015 491 2053 hercle
528 2014 705 2053 animum
745 2023 855 2053 tuom
895 2015 1094 2066 temptaui.
1159 2015 1234 2054 iam
1275 2023 1316 2054 ut
1354 2015 1521 2066 eriperes

1281 2081 1497 2131 apparabas
1514 2095 1521 2118 :

136 2160 175 2182 20
195 2143 290 2195 quid
305 2145 461 2192 faceres,
481 2144 510 2183 si
528 2145 783 2195 repperissem
798 2146 814 2182 ?
863 2146 932 2184 ΙΝ.
966 2160 1044 2185 non
1062 2154 1173 2197 potes
1187 2146 1372 2196 probasse
1386 2154 1518 2196 nugas.

238 2250 296 2279 811
325 2249 367 2280 rni
396 2248 560 2289 lVagner:
585 2259 637 2279 me
655 2249 718 2278 cod.
855 2250 917 2280 812
944 2251 1044 2281 uideo
1062 2250 1126 2282 cod.
1198 2250 1286 2281 hunc
1305 2250 1408 2282 Bm'x:
1433 2251 1521 2282 hunc

194 2293 367 2323 Strobilum
394 2293 459 2324 cod.
595 2294 658 2331 813
688 2293 774 2323 alius
803 2292 956 2332 lfylades:
992 2294 1082 2324 aliud
1111 2293 1176 2325 cod.
1306 2295 1371 2325 816
1396 2295 1439 2325 illi
1467 2305 1519 2325 me

194 2336 346 2375 Pylades:
383 2337 472 2367 illum
497 2335 563 2366 cod.
708 2341 808 2375 atque
833 2336 973 2376 eloquar
995 2337 1085 2369 cod.:
1118 2337 1186 2369 secl.
1210 2337 1336 2378 Ussing
1361 2339 1414 2377 (cs.
1440 2339 1520 2377 817)

193 2381 253 2418 817
281 2380 400 2418 iboquc
417 2386 517 2419 atque
535 2378 602 2411 cod.
622 2380 679 2420 (iv.
698 2382 735 2419 3)
857 2381 920 2410 822
945 2381 994 2411 vel
1008 2382 1063 2412 ted
1133 2380 1224 2412 Eucl.
1246 2380 1318 2421 (dcl.
1344 2381 1376 2412 1..
1399 2382 1447 2422 S.)
1468 2382 1519 2412 hic

193 2424 266 2453 seni
285 2423 452 2462 subripuit
471 2423 535 2453 Leo
