1727 2712
735 134 1084 176 AMPHITRVO
1499 134 1568 172 IV.
1588 133 1619 171 ii

41 258 225 300 xm(xv11)
244 249 365 303 (AM.)
395 249 476 289 noli
495 262 704 301 pessumae
723 245 882 298 precari.

30 324 224 364 x1v(xv111)
245 315 353 367 (BL.)
382 315 555 354 animam
576 312 803 364 comprime.

93 399 140 419 xv
155 387 224 430 (ιχ)
245 380 342 431 (Ιν.)
372 381 638 418 manufestum
659 379 765 416 hunc
785 383 943 427 optorto
962 377 1067 414 collo
1086 382 1204 414 teneo
1222 376 1348 413 furem
1369 372 1497 425 flagiti.

91 459 151 481 xvx
169 449 224 491 (x)
245 444 366 497 (AM.)
395 444 519 483 immo
550 456 623 493 ego
656 444 773 489 hunc,
805 439 989 480 Thebani
1022 439 1142 486 ciues,
1173 438 1240 490 qui
1274 439 1384 478 domi
1415 453 1576 477 uxorem

1448 517 1576 542 meam

243 574 490 626 impudicitia
510 572 728 624 impediuit,
751 579 881 619 teneo,
903 572 1160 610 thensaurum
1181 568 1314 620 stupri.

38 654 111 676 xvn
127 644 224 686 (vm)
245 640 365 691 (AM.)
390 639 497 677 nilne
513 647 551 677 te
567 639 701 689 pudet,
719 639 896 684 sceleste,
913 635 1051 688 populi
1066 634 1107 673 in
1122 642 1383 686 conspectum
1399 633 1579 684 ingredi?

33 709 226 751 xv111(x1x)
247 705 365 756 (AM.)
395 703 652 744 clandestino.

54 786 116 807 xxx
134 775 226 817 (x1v)
246 772 322 821 (Iv.
353 772 431 809 sive
459 770 562 820 AM.)
592 768 659 820 qui
689 781 864 819 nequeas
892 774 1117 806 nostrorum
1151 774 1237 805 uter
1265 765 1314 805 sit
1342 764 1581 816 Amphitruo

1355 832 1576 870 decernere.

334 909 642 945 BLEPHARO
753 906 1101 943 AMPH1TRvo
1214 904 1489 940 IVPPITER
1597 900 1643 938 iii

140 982 227 1019 1035
249 972 358 1023 (BL.)
387 974 470 1010 Vos
491 971 591 1010 inter
611 984 683 1009 uos
704 969 869 1020 partite3
898 982 972 1018 ego
992 968 1104 1014 abeo,
1129 967 1225 1006 mihi
1247 966 1450 1017 negotium
1471 974 1529 1004 est
1544 980 1554 1013 3

249 1052 378 1089 neque
398 1052 471 1088 ego
492 1050 681 1087 umquam
702 1049 870 1087 usquam
891 1042 1000 1073 tanta
1020 1034 1117 1073 mira
1138 1048 1201 1072 me
1222 1033 1368 1072 uidisse
1388 1046 1544 1071 censeo.

248 1106 331 1143 AM.
365 1104 573 1154 Blepharo,
605 1115 754 1152 quaeso
782 1108 826 1139 ut
853 1101 1073 1140 aduocatus
1103 1098 1157 1137 mi
1185 1098 1292 1137 adsis
1321 1112 1423 1137 neue
1451 1097 1580 1136 abeas.

1381 1165 1451 1203 BL.
1483 1165 1581 1202 uale.

250 1234 347 1286 quid
367 1235 459 1273 med
479 1235 676 1272 aduocato
696 1239 813 1283 opust
834 1232 903 1282 qui
922 1230 997 1270 utri
1017 1230 1091 1270 sim
1111 1231 1330 1269 aduocatus
1351 1229 1485 1268 nescio
1497 1230 1567 1267 ?—

253 1301 311 1338 Iv.
335 1300 436 1338 intro
453 1312 526 1350 ego
547 1298 640 1339 hinc
656 1312 728 1337 eo:
759 1299 981 1336 Alcumena
1002 1295 1316 1346 parturit.—AM.
1340 1294 1435 1345 perii
1457 1294 1583 1333 miser.
1605 1309 1623 1340 5

144 1377 235 1413 1040
252 1364 349 1415 quid
382 1365 485 1415 ego?
577 1378 595 1398 *
707 1379 726 1400 *
827 1375 946 1412 quem
985 1360 1171 1401 aduocati
1209 1360 1287 1398 iam
1321 1367 1440 1410 atque
1471 1358 1587 1398 amici

1374 1425 1588 1462 deserunt?

254 1507 471 1545 numquam
493 1494 636 1543 edepol
657 1506 720 1532 me
741 1492 889 1531 inultus
910 1491 996 1530 istic
1016 1489 1247 1537 ludificabit,
1271 1488 1448 1540 quisquis
1468 1496 1551 1537 est;

254 1559 332 1598 iarn
352 1560 403 1598 ad
424 1572 554 1609 regem
575 1566 680 1596 recta
701 1572 764 1596 me
785 1559 929 1596 ducam
951 1569 1091 1607 resque
1111 1563 1154 1594 ut
1174 1556 1276 1594 facta
1296 1562 1354 1593 est
1374 1555 1545 1604 eloquar.

254 1639 328 1675 ego
347 1626 414 1675 pol
434 1624 544 1663 illum
564 1623 729 1662 ulciscar
749 1623 868 1662 hodie
888 1623 1124 1673 Thessalum
1146 1621 1381 1667 ueneficum,

255 1690 323 1741 qui
342 1703 527 1740 peruorse
546 1688 789 1740 perturbauit
810 1687 979 1725 familiae
1000 1694 1175 1725 mentem
1196 1699 1317 1724 meae.
1609 1698 1650 1724 10

146 1769 234 1805 1045
257 1757 327 1795 sed
348 1755 416 1794 ubi
436 1755 567 1794 illest?
595 1754 698 1793 intro
718 1754 862 1804 edepol
883 1752 990 1799 abiit,
1013 1753 1133 1791 credo
1152 1752 1204 1790 ad
1224 1764 1385 1790 uxorem
1406 1763 1546 1790 meam.

258 1821 325 1873 qui
346 1835 410 1860 me
430 1820 581 1860 Thebis
601 1822 698 1859 alter
718 1818 817 1858 uiuit
838 1818 1045 1857 miserior?
1074 1816 1172 1868 quid
1191 1830 1298 1855 nunc
1318 1829 1442 1866 agam,

303 1936 367 1957 xm
391 1926 486 1958 schol.
510 1925 601 1967 Verg.
617 1925 702 1957 Aen.
723 1925 755 1966 8,
771 1935 829 1965 127
845 1925 985 1967 (precor
1004 1924 1066 1964 illi)
1177 1922 1245 1953 noli
1264 1922 1412 1961 pessimo
1422 1919 1590 1951 Danielis:

261 1970 368 2002 nobili
391 1970 538 2010 pessime
562 1969 649 2002 codd.
750 1970 1019 2010 grammaticum
1045 1978 1112 1999 non
1139 1971 1215 1998 recle
1233 1966 1479 2006 interpretatum
1499 1964 1592 1995 verba

260 2014 359 2045 Asin.
384 2024 446 2053 477
471 2014 533 2045 huc
555 2013 710 2045 rettulisse
732 2014 932 2045 coniecerunt
957 2013 1063 2051 Goetz,
1083 2010 1197 2042 Loewe
1371 2017 1432 2039 xlv
1462 2007 1593 2038 Nonius

261 2068 324 2097 233
352 2058 495 2097 (anima)
602 2067 649 2088 xv
670 2056 802 2088 Nonius
825 2067 889 2097 453
920 2056 1077 2098 (furtum)
1190 2065 1249 2086 xm
1278 2052 1410 2083 Nonius
1428 2061 1489 2090 331
1515 2051 1591 2091 (im-

261 2101 397 2142 pedire)
482 2102 584 2132 immo
601 2126 607 2132 .
628 2126 634 2132 .
653 2126 660 2132 .
683 2101 881 2141 impediuit3
918 2099 959 2131 id.
977 2101 1041 2140 456
1059 2099 1270 2142 (thesaurus)
1287 2109 1294 2128 ε
1329 2096 1385 2135 qui
1417 2095 1508 2125 domi
1528 2119 1534 2126 .
1552 2118 1560 2126 .
1579 2118 1587 2126 .

261 2145 380 2185 stupri,
403 2149 478 2186 post
502 2155 530 2176 v.
561 2146 623 2184 883
651 2145 838 2184 (stuprum)
1016 2153 1090 2174 xvu
1111 2143 1240 2173 Nonius
1255 2151 1318 2180 454
1341 2139 1503 2179 (ingredi)
1519 2141 1594 2178 post

252 2188 345 2229 frag.
365 2198 412 2219 xv
581 2198 669 2218 xvm
682 2189 783 2229 gloss.
802 2187 913 2219 Plaut.
943 2187 1106 2218 Ritschelii
1119 2187 1203 2217 inter
1221 2195 1347 2224 susque
1365 2184 1474 2222 deque
1493 2182 1590 2222 (886)

263 2236 291 2262 et
305 2232 492 2271 perniciter
505 2232 536 2273 (1
546 2242 557 2262 1
567 2232 620 2272 16)
713 2242 774 2262 xxx
795 2231 925 2262 Nonius
935 2232 998 2270 285
1012 2229 1229 2272 (decernere)
1326 2238 1406 2268 1035
1432 2226 1591 2266 partitote

262 2274 403 2315 Spengel
477 2287 506 2307 e.
528 2286 616 2306 nunc
633 2276 683 2306 ab.
708 2276 814 2313 Goetz,
833 2273 945 2306 Loewe
1080 2275 1164 2312 1038
1188 2273 1274 2303 med.
1295 2273 1369 2303 adu.
1384 2282 1438 2311 op.
1459 2269 1589 2310 scripsi:

265 2324 365 2358 opust
382 2320 457 2350 med
476 2320 546 2358 (me
562 2319 609 2358 Β)
627 2319 703 2350 adu.
723 2319 788 2350 cod.
884 2319 940 2358 qui
960 2318 1169 2349 Camerarius
1185 2329 1191 2347 ι
1216 2317 1296 2356 quin
1316 2315 1379 2346 cod.
1404 2317 1479 2355 (pro
1494 2315 1550 2353 qui
1563 2312 1590 2352 ἓ)

265 2363 449 2393 aduocatus
466 2362 523 2393 del.
539 2363 718 2393 Hermann
812 2372 894 2400 1040
917 2363 996 2401 quid
1017 2372 1080 2400 ago
1101 2361 1150 2391 vel
1167 2370 1257 2390 nunc
1275 2370 1340 2399 ago
1356 2359 1431 2390 add.
1452 2355 1593 2388 Redslob

267 2406 368 2443 (Berl.
387 2405 473 2438 Pln'l.
497 2405 602 2437 Woch.
623 2416 673 2446 22,
693 2407 772 2448 553)
789 2418 794 2438 :
821 2406 939 2436 faciam
960 2405 1117 2436 Gruterus
1223 2413 1301 2441 1041
1331 2411 1512 2441 numquem
1523 2399 1589 2431 cod.

266 2449 449 2480 ludificauit
468 2450 504 2488 (i.
518 2461 541 2480 e.
562 2449 640 2490 —bit)
658 2448 726 2481 cod.
828 2459 911 2488 1042
935 2449 999 2479 iam
1019 2447 1174 2479 Gruterus
1190 2459 1196 2478 :
1214 2457 1290 2478 nam
1307 2447 1372 2477 iam
1389 2445 1456 2476 cod.
1479 2446 1536 2486 (iv.
1553 2444 1591 2485 3)
