1727 2712
668 156 995 195 AVLVLARIA
1419 156 1496 194 ΙΙΙ.
1519 155 1564 192 vi

170 269 357 320 opinione
378 269 516 308 melius
537 283 596 308 res
617 277 763 308 structa
782 277 840 307 est
860 268 982 308 domi.

84 344 148 381 545
171 336 254 373 ME.
286 334 409 373 immo
429 343 487 373 est
508 334 636 386 <quod
657 334 748 373 satis
769 332 857 385 est),
880 341 919 372 et
939 333 979 373 di
1001 333 1146 372 faciant
1166 341 1208 372 ut
1228 333 1311 380 siet,

169 398 244 449 (et)
264 401 352 449 plus
372 401 540 450 plusque
561 399 661 438 istuc
681 398 873 450 sospitent
893 400 1003 449 quod
1023 412 1131 437 nunc
1151 398 1284 437 habes.
1523 413 1561 435 10

169 465 266 503 Evc.
298 464 395 503 illud
416 464 512 502 mihi
533 465 699 503 uerbum
719 477 800 502 non
821 465 950 514 placet
973 466 982 484 ‘
995 465 1105 514 quod
1125 478 1232 502 nunc
1253 464 1400 503 habes.'

167 536 248 567 tam
269 530 345 567 hoc
366 528 438 567 scit
458 543 522 568 me
542 530 688 568 habere
708 542 827 580 quam
848 536 1015 580 egomet.
1075 531 1164 568 anu’
1186 529 1277 567 fecit
1298 530 1438 579 palam.

170 595 252 631 ΜΕ.
285 593 380 643 quid
402 602 444 632 tu
465 602 503 632 te
523 596 629 632 solus
650 608 672 633 e
691 602 830 633 senatu
850 595 1045 632 seuoeas?

82 668 150 705 550
169 659 265 696 Evc.
289 660 355 708 pol
369 672 441 708 ego
455 666 493 697 te
509 667 551 697 ut
563 662 745 698 accusem
761 658 900 697 merito
916 658 1146 697 meditabar.
1194 660 1277 697 ME.
1302 658 1397 709 quid
1419 659 1500 697 est?

167 724 267 761 Evc.
297 723 393 774 quid
413 723 461 762 sit
482 738 546 763 me
566 724 738 775 rogitas?
766 724 834 774 qui
855 723 952 762 mihi
973 723 1102 762 omnis
1122 725 1287 774 angulos
1522 734 1559 766 15

165 788 294 826 furum
315 788 527 838 impleuisti
547 789 587 826 in
607 788 772 828 aedibus
793 788 937 827 misero
958 788 1065 836 mihi,

165 852 233 902 qui
254 851 306 890 mi
327 852 429 891 intro
450 852 554 891 misti
574 852 613 890 in
633 852 742 891 aedis
762 852 1000 903 quingentos
1021 866 1172 903 coquos

165 930 256 955 cum
277 917 380 956 senis
401 917 595 966 manibus,
616 931 759 968 genere
780 919 1063 968 Geryonaceo;

79 992 144 1028 555
165 995 265 1032 quos
286 982 317 1020 si
337 985 465 1033 Argus
485 990 624 1030 seruet,
646 983 714 1033 qui
734 984 897 1022 oculeus
917 991 1022 1022 totus
1043 984 1126 1030 fuit,

165 1061 283 1097 quem
304 1049 507 1098 quondam
530 1048 618 1087 Ioni
640 1050 743 1087 Iuno
764 1050 970 1087 custodem
991 1048 1157 1097 addidit,
1518 1061 1560 1084 20

164 1112 194 1150 is
216 1126 433 1163 numquam
454 1121 592 1152 seruet.
650 1121 851 1164 praeterea
869 1113 1084 1162 tibicinam,

164 1191 266 1227 quae
286 1178 340 1216 mi
360 1178 597 1217 interbibere
616 1180 711 1226 sola,
733 1178 765 1217 si
785 1179 880 1218 uino
901 1187 1035 1227 scatat‚

165 1243 483 1282 Corinthiensem
504 1245 654 1283 fontem
676 1244 857 1283 Pirenam
879 1253 1018 1296 potest.

79 1312 146 1357 560
164 1316 248 1346 tum
269 1309 480 1359 opsonium
499 1311 774 1348 autem—ME.
806 1312 872 1360 pol
893 1312 956 1349 uel
977 1311 1121 1361 legioni
1142 1319 1199 1350 sat
1220 1319 1292 1350 est.

163 1374 280 1412 etiam
301 1388 446 1425 agnum
468 1374 565 1413 misi.
625 1376 724 1413 EVC.
757 1388 837 1425 quo
857 1375 1019 1426 quidem
1040 1390 1143 1426 agno
1164 1385 1222 1416 sat
1243 1377 1325 1416 scio
1519 1393 1558 1426 25

164 1440 277 1491 magi'
297 1440 491 1479 curiosam
513 1454 709 1491 nusquam
735 1455 821 1480 esse
841 1443 961 1480 ullam
983 1442 1152 1481 beluam.

166 1507 248 1544 ME.
282 1508 374 1545 uolo
395 1520 468 1557 ego
488 1520 535 1545 ex
555 1514 593 1544 te
613 1506 711 1545 scire
731 1507 799 1557 qui
820 1507 868 1545 sit
888 1521 1012 1558 agnus
1033 1507 1151 1546 curio.

166 1573 263 1610 Evc.
296 1572 388 1622 quia
408 1586 497 1610 ossa
516 1586 562 1610 ac
584 1572 694 1622 pellis
715 1580 848 1620 totust‚
871 1572 925 1611 ita
944 1587 1036 1612 cura
1058 1581 1195 1613 macet.

78 1639 142 1684 565
163 1637 259 1687 quin
281 1645 368 1676 exta
388 1637 581 1688 inspicere
602 1637 641 1675 in
663 1640 746 1676 sole
766 1638 801 1677 ei
822 1638 917 1677 uiuo
938 1638 1028 1678 licet
1046 1654 1053 1677 :

162 1701 215 1740 ita
235 1701 266 1740 is
287 1704 457 1752 pellucet
478 1703 589 1754 quasi
611 1705 789 1742 lanterna
810 1703 969 1742 Punica.
1516 1721 1558 1751 30

164 1769 246 1806 ME.
279 1769 532 1807 caedundum
567 1768 741 1808 conduxi
775 1782 849 1820 ego
880 1769 1001 1808 illum.
1063 1771 1161 1809 Evc.
1194 1777 1278 1809 tum
1313 1779 1354 1809 tu
1389 1771 1495 1810 idem

1251 1843 1497 1887 optumumst

161 1902 268 1939 loces
289 1899 541 1939 ecferendum
559 1914 569 1947 ;
597 1913 689 1938 nam
710 1899 800 1946 iam,
823 1900 954 1947 credo,
978 1907 1182 1939 mortuost.

165 1967 248 2004 ΜΕ.
280 1973 415 2016 potare
436 1966 508 2015 ego
529 1964 660 2011 hodie,
688 1964 692 2015 Ι
721 1964 872 2012 Euclio,
896 1972 1027 2003 tecum
1048 1967 1152 2004 uolo.

204 2062 268 2092 544
295 2057 460 2083 restructa
476 2051 542 2083 cod.
637 2062 700 2092 545
717 2052 873 2092 supplevit
886 2051 1010 2093 Ussing
1021 2052 1082 2092 (iii.
1102 2053 1155 2093 11)
1247 2055 1312 2093 546
1336 2059 1369 2084 et
1386 2054 1501 2086 addidi

163 2097 276 2137 (praec.
295 2098 359 2134 -et)
469 2106 533 2134 550
550 2101 586 2126 ut
603 2101 637 2126 te
653 2095 829 2127 Acidalius
849 2100 856 2118 f
861 2096 918 2126 sed
931 2097 968 2136 cs.
989 2096 1142 2137 Lindsay
1152 2098 1257 2137 praqfi
1278 2097 1368 2138 Capt.
1388 2109 1419 2138 p.
1438 2100 1498 2138 38)

161 2149 332 2171 accussem
344 2139 544 2178 cod.,sorma
555 2140 694 2180 antiqua
761 2149 825 2180 553
839 2141 933 2171 aedis
946 2139 1096 2180 Pylades:
1118 2141 1260 2172 aedibus
1271 2141 1336 2172 cod.
1352 2143 1402 2181 (cs.
1418 2144 1497 2182 552)

160 2193 224 2222 555
248 2184 401 2214 oculatus
424 2184 542 2214 Festus
567 2184 627 2222 178
652 2187 690 2213 ut
711 2183 774 2214 vid.
803 2183 875 2223 (sed
895 2184 1035 2215 oculeus
1060 2184 1116 2225 28>
1265 2194 1328 2224 557
1354 2195 1496 2224 praerea

159 2227 222 2258 cod.
254 2227 266 2265 ζ
269 2237 334 2257 non
351 2227 400 2265 D)
547 2228 611 2266 558
635 2232 742 2257 scatat
769 2226 985 2259 Gulielmius:
1024 2233 1133 2259 scatet
1158 2228 1223 2260 cod.
1250 2239 1313 2268 559
1339 2227 1495 2260 Pirenam

163 2270 259 2301 Valla
276 2283 282 2301 :
307 2275 340 2301 et
358 2271 524 2310 pirineum
538 2270 604 2301 cod.
696 2272 759 2310 562
781 2271 953 2301 curionem
969 2271 1185 2303 Gulielmius:
1213 2273 1380 2303 curiosam
1397 2274 1496 2303 etiam

160 2313 246 2344 codd.
260 2314 434 2353 Nom'i455
449 2325 455 2344 z
473 2315 529 2344 vix
541 2314 710 2344 curionarn
792 2316 855 2353 563
873 2315 950 2345 uolo
962 2316 1048 2346 scire
1063 2326 1127 2355 ego
1141 2327 1184 2346 ex
1197 2321 1229 2346 te
1241 2316 1329 2348 codd.
1342 2317 1446 2348 Nonii
1453 2318 1496 2348 86

159 2358 221 2395 564
246 2358 363 2388 totust⁷
393 2363 493 2388 tenos
517 2356 605 2387 codd.
626 2356 731 2387 Nonii
746 2367 814 2396 509
894 2364 1003 2390 macet
1031 2359 1117 2391 codd.
1147 2359 1254 2391 Non.:
1291 2362 1400 2399 magei
1429 2361 1494 2392 cod.

160 2400 206 2439 (G
218 2406 280 2441 pro
291 2401 328 2440 C,
344 2401 429 2441 Ipro
438 2400 482 2441 T)
597 2402 659 2439 565
678 2401 706 2431 ei
728 2398 906 2432 Gruterus:
925 2402 1020 2433 ecod.
1039 2414 1045 2434 z
1061 2403 1147 2441 sort.
1170 2404 1212 2434 de
1327 2406 1388 2444 567
1415 2415 1494 2435 con-

159 2445 240 2474 duxi
258 2455 323 2483 ego
335 2444 426 2475 illum
444 2443 531 2475 codd.
554 2443 657 2474 Nonii
672 2455 745 2483 272,
767 2455 829 2483 274
848 2456 854 2475 :
888 2456 952 2484 ego
967 2446 1059 2477 illum
1078 2448 1227 2479 conduxi
1245 2447 1308 2479 cod.
1432 2450 1496 2490 569

157 2489 213 2519 vt'x
228 2488 329 2519 hodie
433 2487 531 2530 (hic)
549 2487 610 2519 Eu.
630 2486 767 2520 Mueller
