1676 2722
661 119 983 158 PRAEFATIO

156 228 335 280 quamvis
367 230 497 267 nullus
535 242 672 276 annus,
708 242 757 267 ne
796 230 942 267 mensis
981 229 1158 279 quidem,
1195 229 1273 266 hoc
1310 235 1488 277 tempore

157 295 364 346 praeterire
391 295 514 345 possit
535 294 631 344 quin
661 294 752 332 novi
779 294 930 344 aliquid
954 295 1014 332 his
1042 293 1181 332 studiis
1208 294 1430 331 conferatur
1449 300 1488 330 et

157 360 346 398 lectiones
380 360 528 399 codicis
561 359 738 398 Turnebi
764 373 888 409 nuper
917 367 1093 409 repertae
1122 358 1265 396 mirum
1295 365 1487 408 quantum

156 426 207 464 de
246 426 532 475 proarchetypo
571 424 773 463 Palatinae
816 424 1057 463 recensionis
1095 422 1315 470 docuerint,
1356 424 1488 460 tamen

156 490 350 529 editiones
371 492 406 528 T
409 490 649 529 eubneriana
669 498 708 528 et
729 489 1059 528 Weidmanniana
1079 502 1161 527 non
1181 488 1377 527 eiusmodi
1398 495 1489 526 sunt

156 563 198 594 ut
218 555 373 594 facilem
394 557 525 594 locum
547 555 682 594 tertiae
703 555 937 605 relinquant.
979 556 1041 593 Re
1061 553 1176 604 igitur
1195 553 1264 592 diu
1285 560 1489 604 perspecta

156 621 303 671 placuit
333 621 506 671 denique
537 629 578 659 ut
608 621 648 659 in
678 622 753 659 hac
782 620 958 659 editione
989 620 1337 671 Palaeographiam
1367 633 1489 658 arces-

156 700 282 725 serem
322 687 565 737 Philologiae
607 686 852 733 adiutricem,
893 684 1124 737 praesertim
1161 699 1251 724 cum
1292 686 1399 724 haud
1438 685 1490 723 ita

156 751 308 801 pridem
343 752 383 790 in
417 752 550 790 libello
585 751 774 790 Londinii
803 751 914 790 edito
946 751 1269 803 (‘Introduction
1303 758 1344 789 to
1375 750 1488 789 Latin

155 819 323 856 Textual
351 817 630 864 Emendation,
653 817 777 855 based
804 830 858 854 on
886 818 953 855 the
980 818 1082 855 Text
1106 817 1152 854 of
1174 818 1361 862 PlautuS,'
1383 818 1490 854 Mac-

157 882 302 930 msslan,
345 884 463 933 1896>
501 882 663 921 usitatas
702 881 743 920 in
777 882 983 920 codicibus
1019 881 1211 919 Plautinis
1250 884 1489 932 corruptelas

155 948 441 998 congessissem
477 956 514 986 et
549 962 683 987 earum
717 961 857 986 causas
890 961 1159 995 enarrassem3
1194 947 1400 998 visumque
1431 956 1489 987 est

156 1015 230 1052 hac
251 1014 402 1052 ratione
422 1015 586 1053 fortasse
610 1022 739 1052 textus
760 1013 932 1052 Plautini
959 1013 1282 1052 emendationem
1308 1014 1489 1053 nonnihil

155 1087 385 1129 provectum
429 1079 483 1118 iri.
563 1080 772 1130 Optimum
815 1079 921 1118 enirn
966 1079 1063 1118 illud
1105 1079 1273 1119 Cobeti:
1322 1082 1332 1099 ‘
1349 1088 1407 1118 est
1450 1080 1489 1118 in

155 1145 361 1184 codicibus
383 1176 390 1183 .
415 1176 422 1184 .
451 1146 648 1196 quaedam
676 1144 871 1196 peccandi
897 1146 1004 1184 velut
1031 1146 1256 1183 constantia
1284 1147 1491 1196 solentque

154 1213 202 1250 τὰ
221 1214 314 1250 αὐτὰ
333 1213 417 1261 περὶ
435 1213 483 1250 τὰ
502 1213 596 1249 αὐτὰ
616 1212 850 1261 ἁμαρτάνειν,
872 1218 911 1249 et
931 1223 1012 1260 quo
1033 1209 1121 1260 quis
1147 1211 1258 1260 plura
1278 1211 1328 1249 de
1348 1224 1490 1261 genere

156 1278 232 1315 hoc
261 1284 329 1315 aut
358 1276 443 1327 ipse
471 1276 683 1326 reppererit
712 1284 780 1314 aut
809 1276 861 1314 ab
889 1276 1024 1325 aliquo
1053 1283 1206 1326 reperta
1236 1277 1275 1313 in
1305 1285 1490 1327 promptu

156 1343 309 1389 habeat,
332 1355 382 1381 eo
401 1343 452 1381 ad
467 1355 603 1380 verum
623 1341 908 1380 inveniendum
928 1340 1082 1379 accedit
1102 1341 1295 1390 paratior.'
1325 1342 1490 1382 Utinam

156 1409 382 1446 mehercule
400 1408 463 1446 vel
488 1420 628 1445 omnes
649 1408 711 1445 vel
739 1407 951 1457 pleraeque
977 1407 1212 1455 scriptorum
1239 1407 1490 1458 antiquorum

156 1473 350 1512 editiones
375 1486 491 1511 suum
520 1485 703 1522 quaeque
729 1471 881 1509 socium
907 1471 1087 1510 libellum
1115 1472 1318 1520 haberent,
1345 1473 1384 1511 in
1411 1487 1492 1523 quo

155 1539 309 1591 plenius
326 1552 445 1589 quam
462 1539 562 1576 intra
577 1551 792 1588 paucarum
808 1537 1062 1587 praefationis
1076 1537 1305 1588 paginarum
1320 1539 1490 1589 spatium

156 1605 238 1644 fieri
259 1612 389 1656 potest
409 1611 652 1642 enarraretur
673 1616 771 1653 quas
792 1602 1083 1641 vicissitudines
1105 1617 1150 1642 ea
1171 1605 1314 1654 scripta
1335 1612 1492 1655 experta

156 1679 298 1718 essent,
327 1677 425 1720 quot
447 1676 487 1708 et
517 1669 652 1719 quales
683 1668 897 1719 scripturae
928 1670 1072 1708 formas
1097 1669 1317 1709 identidem
1347 1670 1492 1709 induis-

156 1744 253 1784 sent,
289 1743 457 1785 quantas
495 1748 518 1773 a
557 1733 784 1772 monasticis
824 1742 891 1772 aut
926 1735 1211 1773 correctoribus
1250 1744 1316 1774 aut
1355 1736 1491 1775 scribis

156 1815 225 1840 seu
246 1801 412 1840 consilio
433 1813 503 1838 seu
523 1813 617 1838 casu
638 1799 877 1838 mutationes
900 1801 1145 1850 accepissent
1162 1816 1172 1849 3
1201 1801 1351 1840 facilius
1372 1802 1489 1850 enim,

156 1868 196 1906 ni
218 1869 339 1914 fallor,
363 1874 402 1905 et
421 1865 565 1905 certius
586 1868 831 1916 corruptelae
858 1868 1172 1905 emendarentur.
1234 1869 1312 1906 Sed
1333 1869 1383 1907 de
1407 1868 1491 1906 aliis

156 1933 410 1985 scriptoribus
444 1932 511 1971 alii
543 1933 712 1971 editores
747 1933 925 1972 viderint.
989 1933 1193 1972 Plautinus
1232 1947 1326 1972 sane
1364 1942 1491 1973 textus

156 2007 237 2038 tam
264 1999 485 2049 simplicem
512 2006 673 2048 tamque
694 2000 855 2050 cognitu
881 2000 1036 2039 facilem
1058 2000 1161 2038 viam
1183 2007 1338 2038 secutus
1366 2009 1424 2039 est
1449 2009 1491 2039 ut

156 2074 195 2105 et
222 2065 419 2116 possimus
448 2072 486 2103 et
507 2065 724 2104 debeamus
753 2080 907 2118 semper
934 2068 987 2106 ob
1008 2068 1145 2105 oculos
1174 2079 1320 2116 ponere
1347 2066 1490 2115 quibus

157 2133 351 2171 erroribus
391 2139 641 2180 correctores,
683 2132 828 2183 quibus
867 2133 1019 2172 scribae
1064 2131 1282 2171 identidem
1321 2132 1490 2169 maxime

156 2199 317 2237 obnoxii
338 2197 480 2237 fuerint
495 2199 514 2238 ¹.
553 2198 674 2238 Verbi
695 2199 816 2250 gratia
836 2200 952 2238 liceat
972 2199 1069 2238 mihi
1090 2198 1154 2237 hic
1175 2198 1295 2236 semel
1317 2210 1488 2245 monere,

155 2278 206 2303 ne
240 2264 281 2302 in
309 2265 567 2304 adnotatione
602 2265 756 2304 iteratio
790 2265 911 2304 nimia
940 2265 1000 2313 sit,
1033 2265 1201 2304 scribam
1232 2262 1488 2312 nescioquem

200 2354 211 2374 ¹
237 2355 330 2393 Quos
356 2365 490 2386 errores
514 2355 547 2385 in
573 2354 688 2386 libello
713 2365 788 2385 meo
813 2355 861 2385 sic
884 2355 1031 2394 disposui
1055 2359 1091 2383 ut
1114 2353 1146 2383 in
1169 2352 1276 2391 capite
1301 2352 1409 2390 primo
1431 2359 1489 2379 eos

157 2407 370 2438 tractaverim
387 2407 444 2446 qui
468 2417 510 2437 ex
530 2417 633 2447 prava
653 2407 892 2438 emendatione
910 2407 974 2436 orti
995 2412 1085 2443 sunt‚
1106 2405 1140 2434 in
1161 2414 1234 2444 cap.
1256 2403 1306 2433 11⁰
1323 2413 1365 2432 ex
1382 2407 1488 2433 trans-

806 2477 842 2501 lx
