1727 2702
79 120 158 161 111.

55 663 122 701 1V.
144 662 159 701 i

139 1026 157 1058 5

118 1355 156 1377 10

129 1716 157 1752 ii

178 132 211 158 v
596 120 644 157 T.
676 119 856 158 MACCI
888 118 1091 157 PLAVTI

179 230 360 269 miserere
380 236 529 268 certum
551 236 621 276 est,
643 228 736 278 quia
755 228 831 267 mei
854 227 1010 267 miseret
1030 227 1298 267 neminem.—-
1532 230 1599 278 ⁷65

178 297 254 334 AR.
287 293 536 344 exauspicaui
557 307 604 332 ex
625 293 775 332 uinclis.
835 306 941 331 nunc
960 291 1146 343 intellego

177 360 536 412 redauspicandum
557 372 642 398 esse
663 357 703 397 in
723 366 882 398 catenas
902 359 1104 397 denuo.—

653 563 910 611 ACTVS
962 563 1039 610 IV

691 665 1012 702 ERGAS1Lvs

234 755 307 791 ER.
342 752 519 803 Iuppiter
539 765 732 803 supreme,
756 764 887 790 seruas
909 764 972 789 me
993 762 1180 800 measque
1199 762 1319 800 auges
1339 762 1446 801 opes,

233 831 435 857 maxumas
457 817 682 867 opimitates
703 816 965 867 opiparasque
986 817 1101 854 offers
1122 815 1230 862 mihi,

178 885 349 930 laudem,
372 884 535 928 lucrum,
559 883 708 927 ludum,
732 881 876 928 iocum,
899 880 1163 927 festiuitatem,
1185 879 1310 927 ferias,
1533 892 1602 928 770

178 961 380 1000 pompam,
400 961 559 998 penum,
582 946 816 997 potationes,
839 945 1094 993 saturitatem,
1114 945 1313 996 gaudium,

286 1027 359 1052 nec
380 1013 596 1064 quoiquam
618 1012 768 1051 homini
790 1012 1010 1062 supplicare
1030 1025 1136 1050 nunc
1152 1018 1301 1050 certum
1318 1018 1377 1050 est
1393 1010 1489 1050 mihi
1505 1026 1516 1059 3

178 1092 269 1117 nam
290 1080 351 1117 uel
374 1079 561 1129 prodesse
580 1077 710 1116 amico
730 1090 892 1128 possum
913 1077 976 1115 uel
997 1076 1200 1115 inimicum
1221 1077 1395 1127 perdere,

176 1144 229 1183 ita
249 1144 312 1183 hic
333 1158 396 1183 me
416 1143 655 1182 amoenitate
674 1156 842 1181 amoena
861 1155 1052 1181 amoenus
1072 1141 1249 1180 onerauit
1269 1141 1364 1180 dies.

232 1209 315 1248 sine
337 1209 454 1247 sacris
475 1208 735 1247 hereditatem
756 1221 843 1246 sum
865 1214 980 1258 aptus
1000 1206 1320 1246 ecfertissumam.
1533 1218 1598 1257 775

176 1289 282 1314 nunc
302 1276 353 1314 ad
369 1287 504 1313 senem
522 1287 678 1312 cursum
701 1286 903 1323 capessam
921 1274 1028 1311 hunc
1050 1271 1286 1322 Hegionem,
1302 1272 1396 1322 quoi
1418 1271 1512 1310 boni

176 1349 329 1380 tantum
343 1342 478 1379 adfero
491 1346 684 1390 quantum
699 1339 806 1389 ipsus
821 1353 843 1377 a
857 1338 917 1377 dis
931 1345 1054 1389 optat,
1067 1345 1185 1387 atque
1198 1337 1315 1376 etiam
1331 1337 1509 1388 amplius.

177 1420 282 1444 nune
303 1414 409 1444 certa
429 1419 488 1444 res
518 1412 587 1451 est,
610 1405 753 1443 eodem
775 1412 891 1454 pacto
912 1411 954 1442 ut
975 1403 1116 1442 comici
1138 1403 1237 1441 serui
1260 1404 1398 1449 solent,

175 1471 370 1510 coniciam
405 1470 443 1508 in
480 1472 625 1508 collum
659 1469 832 1519 pallium,
864 1469 992 1519 primo
1026 1482 1072 1507 ex
1103 1469 1193 1506 med
1227 1468 1327 1505 hanc
1359 1481 1438 1505 rem
1470 1474 1512 1504 ut

1354 1532 1487 1570 audiat
1503 1546 1512 1578 3

176 1615 372 1652 speroque
393 1601 455 1640 me
476 1602 529 1638 ob
550 1602 656 1638 hune
677 1599 861 1638 nuntium
880 1606 1082 1638 aeternum
1108 1599 1341 1647 adepturum
1363 1596 1510 1634 eibum.
1532 1600 1601 1640 780

536 1712 722 1748 HEG10
835 1710 1155 1746 ERGAs112vs

233 1796 313 1833 HE.
347 1795 509 1843 Quanto
530 1793 568 1830 in
591 1799 750 1843 pectore
771 1793 872 1829 hanc
895 1804 975 1828 rem
998 1802 1088 1828 meo
1108 1789 1220 1837 magi'
1242 1790 1390 1835 uoluto‚

231 1867 342 1898 tanto
364 1858 414 1896 mi
435 1857 641 1908 aegritudo
661 1856 812 1895 auctior
832 1863 890 1894 est
912 1855 950 1893 in
971 1855 1116 1893 animo.

230 1927 281 1963 ad
303 1925 410 1963 illum
434 1925 597 1962 modum
619 1922 806 1961 sublitum
828 1935 873 1961 os
893 1935 978 1960 esse
1000 1920 1050 1958 mi
1074 1918 1217 1959 hodie!

286 2003 416 2040 neque
437 1989 475 2027 id
497 1988 715 2039 perspicere
735 1987 855 2037 quini.

233 2057 341 2106 quod
363 2068 483 2105 quom
506 2054 678 2100 scibitur‚
699 2052 819 2104 (tum)
839 2066 908 2102 per
928 2052 1065 2090 urbem
1086 2050 1296 2089 inridebor.
1530 2051 1596 2096 785

232 2134 355 2171 quom
375 2120 574 2169 extemplo
593 2120 643 2157 ad
666 2120 790 2156 sorum
812 2119 1023 2163 aduenero,
1046 2129 1184 2154 omnes
1206 2117 1438 2165 loquentur:

224 2225 286 2264 765
312 2224 464 2255 misereri
491 2222 569 2261 cod,
586 2223 660 2252 ilem
682 2221 769 2253 codd.
786 2220 1089 2262 grammaticorum
1115 2219 1238 2259 aliquo!
1264 2219 1319 2258 (cf.
1343 2219 1391 2250 ad
1417 2219 1453 2249 Tr
1463 2229 1512 2250 uc.

180 2270 259 2308 223)
348 2268 492 2298 neminis
510 2277 563 2296 inc
582 2266 717 2296 miseret
736 2276 811 2296 nam
832 2265 896 2295 mei
916 2275 957 2295 m.
974 2275 1004 2295 n.
1025 2263 1116 2295 codd.
1135 2262 1240 2293 Nonii
1259 2263 1420 2302 ¹43,sort.
1438 2273 1512 2293 vera

180 2313 318 2351 antiqua
340 2311 425 2341 lectio
561 2320 618 2349 77¹
649 2309 829 2348 potationis
853 2308 918 2339 cod.
1053 2317 1113 2346 772
1127 2306 1209 2345 sort.
1237 2304 1461 2348 (quicquam)
1484 2316 1512 2337 s.

180 2360 218 2386 ut
232 2355 504 2395 scptcnan’usfiat
572 2353 725 2383 nunciam
747 2352 879 2392 Geppcrl
977 2361 1037 2390 774
1063 2351 1137 2381 dics
1154 2348 1292 2389 Pylades
1308 2362 1313 2380 :
1340 2349 1419 2380 mihi
1444 2349 1508 2381 cod.

180 2409 240 2438 777
267 2399 338 2438 ipse
356 2397 424 2428 cod.
515 2407 578 2436 779
601 2407 653 2427 mc
667 2395 733 2426 cod.
825 2397 882 2434 781
908 2395 1062 2433 velmage
1153 2394 1215 2431 783
1236 2393 1396 2423 sublitum
1410 2392 1486 2423 Ital.
1504 2404 1512 2423 t

179 2442 323 2475 subitum
335 2441 398 2474 cod.
463 2441 563 2472 hodie
580 2440 657 2471 mihi
672 2439 737 2470 cod.
759 2449 764 2468 :
788 2438 861 2469 trat'.
877 2438 955 2468 Reiz
1044 2438 1107 2477 785
1125 2441 1194 2468 tuin
1206 2436 1282 2468 add.
1303 2436 1511 2468 Lindemann

1720 1591 1727 1595 ι
1717 1382 1727 1539 -ν-..ι-.”
