1727 2712
667 130 996 169 AVLVLARIA
1456 134 1511 172 II.
1531 136 1546 173 i

274 239 328 279 ita
346 253 517 291 aequom
537 248 596 280 est
615 241 726 292 quod
746 240 786 278 in
807 253 888 278 rem
909 253 995 278 esse
1015 239 1170 291 utrique
1189 239 1422 280 arbitremur
1519 242 1558 276 fo

81 320 149 355 130
273 314 312 345 et
333 306 429 344 mihi
451 314 488 345 te
509 314 547 345 et
568 306 638 345 tibi
657 303 758 359 (me)
778 307 984 344 consulere
1004 313 1042 344 et
1064 319 1225 345 monere
1240 321 1250 354 ;

327 384 458 421 neque
479 373 680 410 occultum
703 370 744 409 id
765 370 900 409 haberi
921 383 1052 421 neque
1072 384 1141 421 per
1162 379 1311 410 metum
1332 372 1496 411 mussari

272 436 367 487 quin
388 436 618 487 participem
639 435 781 486 pariter
800 448 874 485 ego
895 443 933 474 te
954 443 992 474 et
1013 443 1054 474 tu
1076 449 1140 474 me
1162 434 1237 489 [ut]
1259 436 1388 475 facias.

327 515 374 540 eo
395 515 501 541 nunc
521 516 595 553 ego
615 509 766 541 secreto
785 502 853 540 ted
873 502 952 540 huc
972 502 1074 539 foras
1095 501 1245 550 seduxi,

273 574 315 605 ut
335 575 442 605 tuam
464 567 544 605 rem
566 580 639 618 ego
659 574 790 605 tecum
811 565 875 604 hic
896 567 1076 616 loquerer
1095 566 1336 605 familiarem.
1519 586 1530 609 ι
1537 587 1555 618 5

82 638 144 673 Ι35
381 633 464 670 ΜΕ.
497 633 548 671 da
568 632 632 679 mi,
655 639 819 682 optuma
839 630 996 679 femina,
1020 644 1193 670 manum.

381 698 484 735 EVN.
518 697 586 736 ubi
606 711 653 736 ea
672 698 760 736 est?
789 696 876 747 quis
897 710 944 735 ea
963 703 1022 735 est
1042 709 1134 734 nam
1155 699 1349 746 optuma?

382 763 465 800 ME.
497 769 550 800 tu.
611 763 715 800 EVN.
747 770 843 800 tune
862 761 948 800 ais?
1006 763 1090 800 ΜΕ.
1123 761 1155 800 si
1176 761 1306 812 negas,
1330 775 1443 813 nego.

381 828 484 865 EVN.
517 828 632 865 decet
653 827 856 877 tequidem
877 840 971 865 uera
990 826 1173 878 proloqui
1189 842 1201 875 3

379 906 471 930 nam
491 899 655 943 optuma
674 894 781 930 nulla
801 900 931 943 potest
953 892 1041 942 eligi
1058 907 1065 930 :
1516 911 1555 933 20

79 971 147 1004 140
216 957 292 995 alia
311 957 386 995 alia
406 957 524 1008 peior,
548 959 674 1005 frater,
697 965 765 996 est.
826 959 910 996 ΜΕ.
943 957 1049 996 idem
1071 971 1144 1008 ego
1164 958 1339 1006 arbitror,

163 1035 237 1060 nec
270 1022 342 1061 tibi
389 1022 589 1062 aduorsari
627 1031 778 1062 certum
817 1031 876 1062 est
914 1024 965 1062 de
1008 1023 1106 1062 istac
1151 1023 1255 1077 τεῳ)
1292 1038 1492 1075 umquam,

1374 1103 1491 1129 soror.

486 1155 589 1192 EVN.
620 1155 673 1192 da
693 1153 789 1192 mihi

56 1231 142 1264 142³
323 1232 483 1270 operam
503 1219 660 1258 amabo.
721 1221 805 1258 ΜΕ.
837 1227 951 1267 mast,
974 1227 1084 1259 utere
1102 1228 1223 1271 atque

430 1284 589 1335 impera,
612 1284 643 1323 si
664 1284 761 1335 quid
781 1284 852 1323 uis.
1515 1304 1553 1337 ²5

325 1351 428 1388 EVN.
460 1350 500 1389 id
521 1351 631 1401 quod
652 1349 691 1388 in
713 1363 794 1388 rem
815 1358 923 1388 tuam
945 1351 1153 1401 optumum
1173 1364 1260 1390 esse
1280 1351 1459 1400 arbitror,

76 1425 141 1462 145
431 1417 497 1454 ted
518 1415 558 1454 id
580 1415 774 1454 monitum
795 1417 981 1454 aduento.

216 1481 300 1519 ΜΕ.
331 1493 451 1528 soror,
474 1481 582 1519 more
603 1489 671 1519 tuo
692 1480 788 1519 faci’.
849 1482 952 1519 EVN.
985 1482 1087 1519 facta
1106 1482 1209 1519 uolo.

267 1547 351 1584 ΜΕ.
384 1546 480 1596 quid
501 1553 559 1584 est
580 1545 631 1593 id,
654 1548 792 1584 soror?
849 1547 952 1584 EVN.
986 1547 1095 1596 quod
1116 1546 1187 1584 tibi
1208 1546 1490 1597 sempiternum

267 1612 434 1650 salutare
455 1611 502 1650 sit
519 1627 526 1650 :
556 1610 687 1649 liberis
708 1611 1014 1662 procreandis—
1512 1633 1553 1663 30

214 1677 298 1715 ΜΕ.
331 1676 384 1714 ita
403 1676 443 1715 di
464 1675 747 1715 faxint—EVN.
779 1678 873 1715 uolo
894 1684 931 1715 te
951 1679 1113 1715 uxorem

75 1752 140 1789 150
211 1743 377 1780 domum
399 1742 553 1780 ducere.
615 1744 698 1780 ΜΕ.
731 1743 766 1780 ei
786 1742 938 1780 occidi!
997 1743 1100 1780 EVN.
1133 1742 1229 1793 quid
1251 1743 1333 1782 ita?

213 1808 297 1846 ΜΕ.
329 1807 421 1857 quia
443 1807 495 1845 mi
518 1807 660 1846 misero
680 1808 885 1846 cerebrum
907 1808 1110 1847 excutiunt

211 1879 278 1910 tua
297 1872 413 1919 dicta,
432 1885 563 1911 soror:
593 1872 744 1923 lapides
764 1873 946 1924 loqueris.

158 1937 263 1976 EVN.
296 1937 394 1984 heia,
427 1938 504 1976 hoe
532 1939 617 1976 face
647 1939 756 1988 quod
786 1946 824 1977 te
854 1938 963 1977 iubet
992 1951 1111 1977 soror.
1173 1940 1257 1978 ΜΕ.
1290 1941 1322 1979 si
1340 1941 1489 1990 lubeat,
1509 1959 1549 1990 35

1333 2006 1485 2045 faciam.

202 2116 262 2147 129
286 2107 332 2138 ita
359 2107 567 2140 Lambinus:
601 2113 637 2139 ut
662 2108 730 2141 cod.
883 2119 943 2149 132
967 2115 1003 2140 ut
1019 2110 1078 2142 del.
1098 2110 1313 2142 Lambinus:
1337 2116 1372 2141 ut
1389 2111 1488 2141 incul-

156 2155 266 2182 catum
290 2155 337 2182 est
357 2153 455 2182 etiam
473 2152 569 2185 Merc.
588 2154 662 2192 894,
683 2163 745 2192 911
770 2153 822 2192 (qs.
848 2152 985 2194 Seyffert
1000 2154 1083 2185 Berl.
1099 2154 1184 2186 Pln‘l.
1210 2154 1320 2185 Woclz.
1340 2156 1387 2193 16,
1408 2156 1486 2195 849)

160 2203 218 2233 134
242 2194 292 2225 vel
321 2195 367 2225 uti
528 2206 586 2235 135
612 2207 746 2227 manum
780 2197 906 2228 semina
937 2203 1072 2238 optuma
1105 2200 1145 2236 (2)
1172 2197 1249 2236 Leo,
1283 2199 1337 2228 cui
1363 2199 1488 2238 syllaba

155 2243 270 2278 anceps
296 2243 349 2269 mz't
376 2239 410 2268 in
432 2239 506 2278 fine
534 2240 728 2270 henn'stichii
750 2240 892 2281 displicet
1071 2244 1132 2280 136
1157 2241 1257 2284 (aut)
1282 2242 1358 2281 quis
1380 2242 1486 2279 Gom,

156 2291 231 2311 nam
257 2287 308 2312 est
331 2283 473 2321 (namst)
498 2283 679 2322 Francken,
703 2285 856 2315 evitantes
879 2285 977 2315 ambo
1001 2285 1130 2316 hiatum
1154 2286 1187 2315 in
1203 2286 1276 2324 fine
1299 2286 1491 2317 hemistichii

158 2325 218 2362 138
247 2326 418 2364 tequidem
446 2326 572 2357 Bothe:
612 2333 646 2358 te
679 2328 836 2367 equidem
869 2328 935 2360 cod.
1110 2339 1166 2368 141
1190 2329 1270 2368 sort.
1305 2340 1486 2370 numquam

159 2372 235 2406 142Β
259 2378 395 2408 operam
412 2368 524 2414 (iam)
540 2371 582 2411 (2)
601 2369 665 2401 Leo
681 2375 718 2401 ut
730 2373 937 2412 letram.fiat
1072 2382 1135 2412 150
1153 2373 1280 2404 occidis
1301 2372 1401 2405 Weise
