1727 2702
127 92 204 130 111.
226 93 273 129 iv
643 94 690 132 T.
724 92 905 132 MACCI
936 93 1141 130 PLAVTI

229 205 300 243 Ev.
334 204 430 255 qui?
488 205 565 244 CH.
598 204 691 255 quia
716 205 923 255 aequalem
945 210 983 242 et
1010 204 1199 250 sodalem,
1223 202 1388 242 liberum
1415 202 1557 250 ciuem,

1413 267 1556 307 enicas.

229 336 301 373 Ev.
334 348 383 373 ne
404 333 444 373 di
465 334 599 373 sirint!
657 335 735 374 CH.
767 333 960 373 demisisti
981 333 1155 384 gladium
1183 332 1222 372 in
1251 332 1450 384 iugulum:
1481 332 1559 371 iam

1405 398 1557 436 cadam.

229 466 300 504 Ev.
338 478 486 516 quaeso
524 466 666 512 hercle,
698 464 876 503 animum
915 478 966 503 ne
1003 464 1220 514 desponde.
1297 464 1375 503 CH.
1412 464 1559 502 nullust

1133 542 1252 579 quem
1273 529 1555 579 despondeam.

167 609 208 640 30
226 596 388 646 loquere
416 608 533 646 porro
561 595 678 634 aliam
709 596 853 633 malam
883 608 976 634 rem.
1035 593 1144 644 quoii
1175 601 1234 632 est
1265 594 1427 644 empta?
1483 594 1555 631 Ev.
1576 596 1644 642 615

1412 657 1556 697 nescio.

225 725 302 765 iam
337 725 496 765 addicta
525 733 646 777 atque
678 726 852 765 abducta
883 732 975 772 erat,
1006 737 1129 775 quom
1159 725 1211 763 ad
1241 731 1397 774 portum
1427 723 1556 762 uenio.

1239 790 1316 829 CH.
1344 802 1418 828 uae
1439 788 1533 827 mihi
1552 792 1558 827 !

227 856 372 896 montis
393 864 435 895 tu
456 856 619 907 quidem
642 855 733 895 mali
755 856 795 894 in
817 869 881 894 me
900 855 1073 894 ardentis
1094 854 1171 893 iam
1192 855 1345 894 dudum
1367 853 1470 893 iacis.

226 935 353 973 perge,
376 921 566 968 excrucia,
590 922 786 967 carnufex,
810 919 1139 971 quandoquidem
1160 919 1347 970 occepisti
1369 920 1502 959 semel.

228 989 299 1026 Ev.
331 1001 412 1026 non
433 987 504 1026 tibi
526 987 626 1026 istuc
647 986 771 1037 magis
792 985 1014 1033 diuidiaest‚
1037 998 1158 1036 quam
1180 985 1276 1023 mihi
1297 985 1417 1024 hodie
1437 985 1519 1023 fuit.

167 1062 205 1094 35
226 1053 303 1092 CH.
327 1052 403 1100 dic,
427 1052 514 1103 quis
536 1052 660 1091 emit?
700 1053 773 1090 Ev.
796 1051 931 1091 nescio
947 1052 1088 1090 hercle.
1141 1051 1218 1091 CH.
1242 1052 1334 1090 hem
1356 1050 1559 1089 istucinest
1577 1055 1647 1089 620

1285 1129 1445 1167 operam
1467 1116 1560 1154 dare

227 1183 375 1222 bonum
409 1184 616 1222 sodalem?
687 1184 759 1221 Ev.
791 1181 888 1233 quid
924 1195 987 1220 me
1018 1182 1145 1221 facere
1179 1181 1268 1220 uis?
1338 1181 1416 1220 CH.
1452 1180 1559 1219 idem

1219 1247 1328 1297 quod
1350 1259 1413 1284 me
1433 1245 1555 1292 uides,

225 1323 267 1353 ut
289 1327 433 1364 pereas,
493 1313 588 1364 quin
611 1313 874 1363 percontatu's
896 1312 1068 1350 hominis
1089 1325 1190 1362 quae
1211 1311 1330 1350 facies
1351 1312 1448 1349 foret

225 1380 291 1430 qui
313 1380 418 1418 illam
440 1379 621 1417 emisset:
652 1392 700 1417 eo
720 1378 751 1416 si
773 1386 890 1428 pacto
910 1386 1043 1427 posset
1064 1377 1281 1427 indagarier

226 1445 394 1484 mulier?
428 1445 504 1482 heu
538 1457 600 1482 me
632 1443 841 1482 miserum!
911 1443 983 1480 Ev.
1021 1444 1112 1481 flere
1139 1442 1288 1490 omitte,
1318 1441 1418 1480 istuc
1449 1441 1558 1491 quod

1338 1520 1444 1545 nunc
1463 1505 1555 1555 agis.

164 1589 207 1621 40
225 1575 321 1626 quid
342 1588 415 1626 ego
437 1575 540 1613 feci?
598 1575 676 1614 CH.
700 1573 905 1625 perdidisti
928 1587 991 1613 me
1011 1581 1049 1613 et
1072 1574 1191 1612 fidem
1213 1586 1369 1611 mecum
1391 1580 1510 1611 tuam.
1577 1577 1645 1623 625

227 1643 298 1680 Ev.
330 1641 370 1679 di
405 1641 534 1679 sciunt
565 1641 722 1691 culpam
754 1653 882 1678 meam
915 1639 1039 1678 istanc
1067 1652 1147 1677 non
1175 1652 1260 1677 esse
1287 1639 1417 1676 ullam.
1478 1637 1555 1676 CH.

1357 1705 1557 1753 engepae!

225 1773 322 1811 deos
342 1771 516 1822 apsentis
537 1771 646 1811 testis
668 1784 862 1810 memoras
880 1787 886 1810 :
917 1771 985 1821 qui
1006 1783 1080 1820 ego
1100 1769 1200 1808 istuc
1221 1769 1378 1808 credam
1401 1767 1501 1806 tibi?

227 1840 298 1876 Ev.
331 1838 423 1889 quia
444 1838 514 1876 tibi
537 1837 575 1875 in
598 1851 716 1875 manu
739 1845 795 1875 est
817 1837 927 1887 quod
947 1837 1095 1883 credas,
1118 1848 1192 1885 ego
1218 1834 1327 1884 quod
1354 1832 1495 1879 dicam,
1519 1832 1558 1871 id

1210 1899 1305 1937 mihi
1328 1899 1367 1937 in
1389 1905 1554 1937 manust.

225 1970 302 2009 CH.
335 1970 385 2008 de
407 1969 502 2007 istac
523 1982 562 2006 re
589 1967 594 2016 Ι
619 1976 777 2018 argutus
797 1981 849 2013 eS,
873 1974 914 2006 ut
936 1980 1004 2017 par
1023 1965 1104 2017 pari
1126 1965 1376 2016 respondeas,

163 2044 205 2076 45
225 2036 275 2073 ad
298 2035 483 2072 mandata
504 2034 679 2079 claudus,
703 2045 854 2078 caeCUS,
879 2039 1022 2077 mutus,
1046 2043 1223 2077 mancus,
1243 2028 1394 2068 debilis.
1575 2027 1646 2071 630

225 2099 482 2151 promittebas
504 2107 541 2137 te
563 2112 606 2136 os
628 2097 824 2136 sublinere
846 2110 935 2135 meo
956 2096 1053 2147 patri
1072 2112 1078 2134 :
1109 2102 1265 2145 egomet
1286 2093 1435 2132 credidi

266 2205 331 2243 613
356 2204 519 2234 desierint
535 2202 574 2239 P,
595 2203 626 2232 A
648 2213 677 2232 n.
696 2202 714 2233 I.
798 2201 911 2239 gulum
927 2200 959 2230 P
1055 2200 1118 2230 618
1143 2199 1327 2230 carnusexa
1342 2197 1376 2228 P
1469 2199 1555 2236 619-

223 2249 265 2278 80
282 2247 365 2278 deest
379 2247 412 2276 A
569 2247 696 2286 619—24
726 2244 935 2275 relractatom's
952 2254 1016 2274 esse
1027 2247 1168 2284 possunt
1315 2244 1380 2280 619
1404 2251 1470 2271 non
1488 2240 1553 2271 cod.

229 2292 366 2321 Vua-ron.
385 2290 422 2320 dc
438 2289 473 2321 L.
492 2291 530 2321 L.
549 2300 578 2329 7,
595 2290 639 2320 60
655 2301 661 2319 ε
686 2299 746 2319 nec
760 2287 825 2319 cod.
919 2289 984 2318 622
1009 2287 1124 2326 pacies
1140 2285 1205 2317 cod.
1225 2286 1318 2324 (corr.
1340 2283 1402 2322 D‘·')
1491 2284 1558 2314 626

224 2345 309 2373 euge
327 2344 416 2373 pape
434 2334 501 2370 (im.
522 2342 627 2371 eugac
647 2333 765 2371 papae)
783 2330 816 2360 B
903 2332 968 2361 628
993 2331 1073 2360 mihi
1089 2331 1161 2370 {eal
1180 2330 1212 2360 in
1230 2328 1294 2360 cod.
1313 2332 1388 2366 (aut
1399 2327 1557 2368 exglossa

224 2382 282 2408 aul
305 2389 343 2407 ex
364 2378 632 2416 antiquasorma
658 2376 783 2407 mihei:
810 2385 849 2405 ea
870 2374 928 2404 del.
952 2374 1054 2404 Bothe
1198 2374 1262 2410 629
1287 2373 1305 2403 i.
1327 2372 1385 2402 red
1409 2371 1556 2402 Rn‘tschl:

226 2432 261 2452 re
280 2422 361 2453 istac
379 2421 437 2451 alsi
565 2421 631 2459 630
654 2419 703 2450 vel
718 2417 867 2449 claudu‘s
1000 2420 1058 2454 631
1088 2428 1152 2455 ego
1170 2426 1221 2446 me
1240 2415 1364 2447 Rasa-hl
