1727 2712
647 87 909 127 EPIDICVS
1368 88 1435 126 IV.
1456 87 1486 124 ii

27 203 94 248 580
112 197 162 237 ne
182 211 256 248 ego
276 212 340 237 me
366 211 468 248 nego
489 211 605 237 nosse
626 199 729 237 hanc
751 211 851 248 quae
872 197 931 236 sit.
993 200 1060 237 PE.
1093 212 1164 250 pro
1185 199 1303 238 deum
1324 205 1443 249 atque

1070 264 1276 302 hominurn
1300 265 1445 302 fidem!

112 327 238 378 quid?
269 341 343 377 ego
363 327 604 367 lenocinium
626 327 727 366 facio
747 329 816 378 qui
836 328 1005 367 habeam
1026 328 1173 367 alienas
1194 328 1303 367 domi

111 400 231 442 atque
264 400 468 442 argentum
503 392 717 443 egurgitem
749 393 873 431 domo
904 393 1073 443 prdsus?
1129 392 1225 443 quid
1256 400 1309 440 tu,
1346 406 1447 443 quae

1296 465 1445 508 patrem

112 531 223 561 tuom
236 536 356 561 uocas
371 536 434 561 me
447 531 566 573 atque
582 524 772 570 osculare,
788 523 884 573 quid
899 530 977 561 stas
991 523 1148 573 stupida
1164 525 1180 562 ?
1200 523 1295 573 quid
1312 524 1447 561 taces?

112 590 184 626 Ac.
216 587 312 638 quid
334 589 471 638 loquar
491 587 580 626 uis?
610 589 678 626 PE.
710 589 808 626 haee
828 595 944 637 negat
972 600 1012 626 se
1035 595 1140 625 tuam
1163 601 1246 626 esse
1268 595 1442 626 matrem.
1468 599 1506 632 15

1186 656 1258 691 Ac.
1291 666 1341 691 ne
1364 654 1446 691 fuat

28 723 91 768 585
113 717 145 755 si
164 730 244 755 non
266 718 372 756 uolt:
402 717 587 767 equidem
608 718 682 756 hae
702 717 825 756 inuita
845 725 977 756 tamen
998 731 1064 756 ero
1085 718 1216 756 matris
1237 718 1316 756 filia
1328 733 1338 766 ;

113 796 193 820 non
224 784 316 821 med
346 782 470 820 istane
500 795 639 832 cogere
660 796 830 833 aequom
859 791 917 821 est
946 797 1074 822 meam
1106 796 1190 822 esse
1221 791 1384 822 matrem
1415 783 1446 821 si

1298 849 1444 886 neuolt.

115 914 184 951 PE.
216 925 289 962 qur
310 925 373 951 me
393 912 507 962 igitur
527 919 677 962 patrem
699 913 900 951 uocabas?
953 915 1023 951 Ac.
1055 920 1121 951 tua
1141 912 1261 951 istaec
1282 914 1446 963 culpast,

1245 992 1325 1017 non
1346 991 1444 1016 mea.

114 1056 195 1081 non
216 1050 366 1093 patrem
388 1056 461 1092 ego
476 1050 514 1081 te
531 1043 745 1087 nominem,
762 1043 828 1081 ubi
846 1050 887 1081 tu
905 1051 1012 1081 tuam
1029 1057 1092 1082 me
1108 1045 1282 1093 appelles
1299 1043 1416 1081 filiam
1431 1045 1448 1082 ?

115 1109 218 1146 hanc
239 1121 399 1158 quoque
419 1108 551 1155 etiam,
571 1108 602 1146 si
624 1122 687 1147 me
707 1110 877 1158 appellet
898 1108 1030 1155 filiam,
1053 1117 1216 1147 matrem
1238 1122 1390 1147 uocem.
1469 1124 1509 1145 20

30 1187 97 1224 590
115 1181 229 1223 negat
251 1174 348 1211 haec
370 1173 488 1211 filiam
510 1186 574 1212 me
596 1186 707 1212 suam
729 1186 814 1212 esse
834 1189 840 1212 :
877 1187 957 1212 non
983 1187 1074 1224 ergo
1095 1175 1192 1212 haec
1214 1182 1336 1212 mater
1360 1188 1447 1213 mea

1376 1245 1444 1277 est.

113 1310 314 1353 postremo
334 1304 432 1341 haee
454 1316 541 1341 mea
562 1304 677 1354 culpa
697 1317 778 1342 non
809 1311 890 1343 est:
929 1317 1031 1354 quae
1051 1303 1171 1342 didici
1193 1304 1271 1342 dixi
1292 1303 1450 1351 omnia;

115 1367 304 1418 Epidicus
327 1368 421 1406 mihi
443 1368 514 1406 fuit
534 1368 726 1419 magister.
778 1371 847 1407 PE.
879 1369 998 1419 perii!
1029 1371 1243 1420 plaustrum
1265 1369 1423 1420 perculi.

112 1435 184 1472 AC.
218 1433 412 1484 numquid
433 1446 506 1483 ego
526 1433 591 1482 ibi,
610 1442 728 1484 pater,
754 1434 915 1484 peccaui
932 1435 948 1472 ?
1005 1435 1072 1472 PE.
1106 1434 1138 1472 si
1159 1435 1288 1472 hercle
1308 1441 1346 1472 te
1366 1447 1448 1472 um-

1117 1512 1235 1549 quam
1257 1499 1447 1538 audiuero

112 1577 176 1602 me
191 1571 341 1614 patrem
355 1577 508 1613 uocare,
525 1565 646 1604 uitam
661 1573 768 1604 tuam
783 1578 856 1615 ego
870 1564 1102 1604 interimam.
1136 1566 1210 1602 Ac.
1233 1577 1313 1602 non
1330 1577 1443 1603 uoco.

27 1643 90 1680 595
113 1629 180 1668 ubi
202 1631 311 1668 uoles
332 1637 442 1680 pater
461 1643 547 1670 esse
567 1630 621 1669 ibi
643 1638 727 1669 esto
745 1645 754 1678 3
784 1630 852 1669 ubi
874 1632 984 1669 noles
1005 1643 1054 1668 ne
1076 1629 1191 1668 fueris
1212 1636 1331 1680 pater.

113 1696 188 1733 PH.
220 1694 316 1745 quid
339 1694 407 1748 (si)
432 1695 436 1747 Ι
462 1696 515 1734 ob
542 1709 629 1734 eam
656 1709 737 1734 rem
766 1697 868 1734 hane
894 1695 1021 1734 emisti
1043 1694 1135 1745 quia
1162 1702 1268 1733 tuam
1290 1702 1448 1744 gnatam

1319 1762 1445 1807 ratu's‚

111 1825 246 1876 quibu’
262 1827 313 1865 de
329 1826 448 1877 signis
463 1827 737 1876 agnoscebas?
792 1828 859 1864 PE.
883 1826 1009 1865 nullis.
1076 1828 1149 1864 PH.
1166 1839 1244 1876 qua
1265 1839 1304 1864 re
1326 1825 1445 1864 filiam

111 1891 311 1929 credidisti
332 1893 539 1930 nostram?
596 1893 664 1930 PE.
697 1905 831 1930 seruos
854 1891 1043 1942 Epidicus
1066 1890 1162 1930 dixit
1184 1890 1290 1928 mihi.

155 1996 219 2035 580
244 2006 286 2026 ne
300 2020 307 2026 .
321 2020 328 2027 .
346 2020 353 2026 .
371 1996 412 2026 sit
424 1996 464 2033 Q}
480 1994 546 2025 Leo
558 1995 661 2035 (nego
675 2006 728 2026 me
742 1994 877 2035 Gaea—>1
902 2005 945 2026 ne
959 2005 1023 2035 ego
1038 2005 1090 2026 me
1105 2005 1150 2026 no
1162 2013 1204 2018 —
1217 2005 1265 2035 sse
1278 1994 1299 2034 li
1318 2020 1325 2026 .
1344 2019 1352 2026 .
1369 2003 1389 2032 q
1404 2014 1444 2018 —

110 2039 168 2071 A:
200 2049 243 2069 ne
268 2049 331 2077 ego
357 2049 429 2069 earn
456 2040 592 2069 nouisse
609 2038 643 2069 P
749 2049 811 2078 pro
837 2039 935 2069 deum
957 2050 1022 2070 om.
1042 2038 1074 2069 P
1226 2040 1287 2077 581
1314 2035 1444 2070 alie'nas

110 2081 228 2113 Dousa
247 2094 254 2114 :
277 2083 403 2113 alienos
416 2081 464 2114 P:
491 2082 738 2122 (a)nc(illas)A
757 2085 799 2122 (v.
819 2083 851 2123 1)
966 2083 1028 2121 585
1056 2082 1188 2113 hancA
1262 2086 1329 2113 tam
1341 2082 1445 2112 Bothe

111 2127 236 2165 587-91
258 2131 366 2166 pauca
382 2126 539 2166 leguntur
551 2127 585 2156 in
601 2126 634 2155 A
751 2127 817 2164 588
841 2126 993 2166 appellas
1010 2125 1086 2155 pm>
1105 2126 1153 2164 (A
1173 2136 1205 2156 n.
1223 2125 1259 2166 l.)
1380 2135 1442 2165 592

112 2171 274 2208 magister
290 2170 349 2200 fuit
363 2169 396 2199 P
481 2174 629 2199 austrum
647 2168 680 2198 P
807 2179 870 2209 593
894 2175 991 2209 pater
1008 2173 1035 2200 et
1050 2170 1212 2200 audiuero
1232 2168 1327 2208 (fort.
1344 2169 1442 2199 etiam

111 2214 263 2252 peccaui)
283 2224 348 2244 om.
369 2213 402 2242 P
416 2213 560 2252 (propter
571 2213 751 2251 fhnestram
776 2214 809 2243 in
833 2213 992 2253 archetypi
1004 2213 1153 2252 pagina:
1182 2213 1218 2250 cf
1241 2212 1289 2243 ad
1308 2223 1336 2243 v.
1362 2213 1442 2252 608)

111 2266 174 2294 595
200 2256 261 2296 ibi]
280 2262 376 2295 pater
392 2256 424 2285 A
447 2261 489 2295 (ν.
508 2257 540 2296 1)
630 2257 695 2295 596
717 2257 746 2287 si
763 2257 868 2296 suppl.
888 2255 1104 2286 Studemund
1119 2255 1167 2293 (A
1189 2267 1220 2286 n.
1234 2256 1271 2295 I.)
1336 2256 1442 2286 istanc

110 2300 194 2329 Bm'x
273 2300 435 2340 (emistis
451 2300 483 2329 A
568 2300 624 2338 qui
641 2299 674 2328 A
753 2309 791 2330 es
803 2305 894 2330 ratus
910 2299 943 2328 A
1036 2309 1143 2338 597—9
1167 2309 1232 2329 om.
1251 2298 1284 2328 A
1303 2299 1442 2343 (propter

110 2343 326 2374 homoeoarch.
347 2352 490 2380 Qvurm:
508 2346 536 2373 et
550 2344 670 2383 ρνιῠε)
