1676 2722
600 158 920 197 PRAEFATIO

95 273 155 307 me
173 270 321 319 quidem
349 277 386 308 et
411 271 627 319 mequidem.
687 270 857 306 Necnon
878 281 946 317 per
967 266 1193 305 huiusmodi
1215 266 1424 316 scripturas

93 343 260 373 metrum
283 335 432 373 facilius
453 335 612 384 cognitu
634 333 789 372 reddidi
807 348 815 371 ε
845 334 922 370 eru’
941 338 1068 369 noster
1084 331 1089 349 ¹
1106 345 1176 381 pro
1189 334 1275 368 ενῆς
1291 337 1424 377 noster,

95 401 168 437 tuo‘
189 401 365 438 dominus
386 413 456 450 pro
482 402 565 437 iubs
592 400 777 444 dominus,
802 400 921 447 nemp'
942 405 981 436 et
1000 398 1108 447 perq'
1138 410 1209 446 pro
1240 404 1368 446 nempe
1388 405 1425 434 et

84 471 228 514 perque
243 464 553 514 monosyllabice
569 463 829 515 pronuntiatis
842 464 854 484 ²
872 477 882 510 3
911 471 948 500 et
965 461 1144 511 apicibus
1157 475 1273 510 supra
1289 460 1426 512 positis

94 538 261 568 metrum
294 529 463 568 indicavi
497 528 651 579 quoties
684 529 897 567 obscurum
932 535 1029 575 erat,
1056 535 1099 565 ut
1130 526 1171 565 in
1201 528 1279 566 hoc
1313 540 1426 564 versu

113 596 216 633 Rud.
353 611 360 634 ι

93 594 108 644 <
173 596 440 709 voissufip‘zztem.
459 661 587 698 inesse
617 666 778 697 tantam.
838 659 896 697 Ut
924 658 1028 695 hanc
1057 656 1153 695 traxi
1183 657 1349 696 lubens!

92 723 179 774 (ubi
206 724 319 775 apice
345 724 560 775 significavi
588 738 743 763 versum
773 724 824 762 ab
850 731 1076 772 anapaesto,
1100 736 1182 760 non
1211 722 1263 761 ab
1292 722 1427 761 iambo

91 789 294 841 incipere),
327 804 419 829 narn
457 792 577 829 altera
616 791 764 840 syllaba
803 789 998 828 eiusmodi
1037 789 1348 827 vocabulorum3
1387 788 1426 827 in

91 856 293 895 cotidiano
325 870 506 895 sermone
538 856 660 894 modo
691 856 808 905 longa
839 853 1103 905 (volziptatem)
1138 855 1260 894 rnodo
1298 854 1426 893 brevis

90 920 355 972 (voldptatem)
375 921 500 960 audiri
522 920 636 959 solita
650 935 660 969 ;
688 928 755 958 aut
779 919 820 958 in
846 933 959 958 versu
987 917 1111 957 hianti
1124 920 1147 966 ⁴¹,
1170 926 1213 958 ut
1235 919 1324 960 Cas.
1352 932 1426 969 724

92 987 222 1039 (anap.
246 987 441 1038 octonar.)
460 1003 467 1026 t

146 1054 259 1091 Bone
298 1052 366 1100 uir,
408 1054 526 1090 salue.
592 1053 745 1090 Fateor.
816 1050 925 1100 Quid
966 1051 1038 1088 fit?
1091 1051 1153 1087 Tu
1193 1051 1312 1099 amas,
1354 1065 1427 1102 ego

254 1117 403 1156 essurio
433 1126 471 1156 et
501 1117 600 1155 sitio.

147 1183 224 1221 His
263 1182 447 1222 subsidiis
486 1183 537 1221 ad
572 1189 741 1220 metrum
776 1180 1088 1231 intellegendum
1121 1181 1279 1221 adiutus
1314 1182 1427 1221 facile

92 1248 259 1299 patieris,
283 1250 404 1287 lector
425 1249 629 1293 benevole,
648 1260 712 1285 me
732 1245 772 1284 in
793 1247 867 1284 hac
887 1245 1062 1285 editione
1083 1246 1289 1286 metricum
1307 1262 1426 1298 quem

91 1322 235 1353 vocant
256 1314 378 1353 ictum
399 1327 480 1352 non
501 1312 694 1351 continuo
713 1313 872 1363 apicum
901 1325 973 1350 usu
1000 1310 1243 1352 indicavisse.
1305 1315 1426 1353 Nolui

134 1450 145 1470 ¹
171 1450 391 1481 Commodius
413 1449 492 1481 illud
517 1450 653 1489 quidem
678 1449 849 1480 interdum
872 1459 972 1488 quam
990 1449 1114 1480 verius.
1168 1449 1254 1480 Nam
1274 1450 1307 1480 in
1325 1460 1428 1481 versu

91 1502 148 1532 tali
168 1502 280 1543 (capt.
304 1502 377 1542 163)
397 1513 404 1533 :

390 1557 475 1594 opus
493 1553 709 1592 Turdetanis,
731 1555 830 1592 opust
850 1552 1128 1583 Ficedulensibus

90 1606 166 1645 quis
182 1607 350 1637 affirmare
360 1606 496 1637 audebit
510 1605 633 1645 prioris
646 1610 680 1637 et
697 1604 898 1645 posterioris
911 1605 1070 1645 disyllabi
1088 1606 1279 1644 prosodiam
1293 1607 1429 1638 diversa

91 1658 223 1689 ratione
240 1659 416 1690 extitisse?
464 1658 549 1697 Quis
566 1668 702 1690 versum
720 1658 818 1698 Capt.
836 1659 900 1688 826
916 1668 935 1688 a
952 1658 1105 1696 spondeo
1122 1659 1297 1698 incipere?

134 1710 147 1730 ²
172 1711 313 1750 Servavi
339 1716 453 1742 tamen
477 1712 634 1742 usitatam
657 1710 859 1750 scripturam
880 1711 913 1740 in
934 1710 1038 1741 audin
1066 1721 1128 1750 pro
1144 1711 1283 1743 audtsne
1299 1718 1331 1743 et
1348 1717 1427 1744 ante

90 1768 336 1794 consonantem
360 1774 398 1794 ac
419 1772 480 1803 pro
493 1766 598 1803 atque,
618 1774 673 1794 nec
696 1773 757 1803 pro
783 1773 890 1803 neque,
906 1762 1081 1794 similibus.
1130 1763 1279 1794 Verbum
1305 1765 1427 1805 scripsi

90 1815 135 1845 ιη’
151 1816 228 1855 (pro
245 1815 338 1855 isne),
359 1814 648 1855 praepositionem
665 1825 713 1846 ιη.

134 1866 147 1886 ²³
172 1867 210 1898 Si
226 1872 338 1898 tamen
355 1867 408 1898 vel
426 1877 595 1906 nunquam
610 1867 663 1897 vel
684 1877 759 1897 raro
772 1866 952 1898 diversitas
970 1868 1259 1907 pronuntiationis
1271 1868 1426 1899 audieba-

91 1923 155 1958 tur,
176 1929 243 1950 non
269 1925 341 1951 erat
366 1930 426 1950 cur
449 1920 563 1960 apices
587 1919 796 1959 adhiberem,
826 1924 863 1950 ut
887 1919 922 1949 in
947 1920 1018 1950 his:
1051 1920 1204 1960 voluptas
1228 1931 1311 1959 mea,
1338 1924 1426 1952 enfm

93 1971 208 2010 (vero),
233 1975 321 2002 satin
348 1973 480 2011 (tutus),
506 1971 580 2003 volo
603 1981 688 2010 scire,
713 1970 808 2011 apzid
830 1971 1036 2012 (templum‘,
1064 1971 1240 2013 Philippus
1266 1974 1425 2013 (aureus).

91 2023 383 2061 Quemadmodum
415 2024 504 2054 enim
544 2024 578 2053 in
616 2023 779 2054 Martialis
812 2023 1020 2063 temporibus
1054 2024 1258 2065 smaragdus
1290 2025 1426 2056 brevem

90 2075 228 2106 alteram
245 2076 409 2115 syllabam
428 2076 460 2106 in
478 2076 652 2106 cotidiano
671 2086 830 2107 sermone
850 2076 1007 2114 habebat,
1031 2076 1078 2106 sic
1102 2076 1136 2105 in
1163 2075 1319 2107 Plautino
1342 2087 1426 2108 aevo

90 2127 278 2169 Philippus,
311 2139 397 2168 quae
430 2128 592 2159 breviatio
624 2129 700 2159 sine
728 2128 830 2158 dubio
861 2139 904 2158 ex
939 2128 1068 2168 primae
1105 2127 1254 2167 syllabae
1286 2133 1425 2159 accentu

93 2180 297 2221 (σμάραγδος,
323 2182 488 2223 Φίλιππος)
518 2189 592 2214 orta
624 2188 685 2214 est.
735 2183 820 2215 Illud
853 2183 955 2214 etiam
990 2182 1196 2213 monendum
1229 2191 1294 2219 me,
1319 2181 1425 2212 sicubi

90 2234 256 2266 dubitatio
282 2236 393 2268 extitit
419 2241 476 2267 aut
504 2241 620 2267 extare
646 2247 748 2276 posse
771 2236 855 2276 visa,
884 2236 1084 2276 plerumque
1112 2235 1229 2274 apices
1253 2243 1425 2273 apponere

91 2287 255 2327 noluisse,
272 2300 302 2320 v.
312 2299 342 2328 g.
362 2290 394 2319 in
413 2288 534 2329 Amph.
555 2298 629 2327 949,
646 2289 703 2328 qui
729 2289 865 2329 quidem
890 2299 1006 2319 versus
1026 2299 1079 2319 me
1099 2287 1211 2318 iudice
1238 2287 1284 2317 sic
1308 2285 1425 2316 scandi

91 2340 214 2372 debet:
240 2351 304 2380 ego
319 2344 404 2372 istuc
423 2341 558 2372 curabo.
582 2340 587 2382 Ι
608 2344 748 2372 &uocate
766 2341 830 2371 huc
851 2340 984 2371 Sosiam
1004 2340 1062 2380 (ef.
1084 2340 1158 2371 Cas.
1181 2341 1240 2379 781
1262 2345 1296 2370 et
1314 2339 1402 2377 786).

133 2392 147 2412 4
172 2393 224 2423 De
241 2393 332 2423 hiatu
354 2392 509 2423 Plautino
520 2397 556 2423 ut
572 2393 662 2423 nulla
679 2393 743 2423 alia
758 2393 799 2423 de
816 2403 851 2423 re
862 2392 962 2422 valde
978 2392 1182 2422 dissentiunt
1196 2393 1295 2424 docti.
1341 2390 1424 2420 Nam

91 2444 124 2474 in
141 2455 243 2476 versu
267 2454 370 2484 supra
393 2444 482 2476 dieto
504 2445 659 2484 quamvis
679 2454 796 2476 omnes
820 2444 968 2484 priorem
993 2443 1122 2474 hiatum
1140 2450 1335 2483 agnoscant,
1357 2453 1423 2474 non

732 2499 783 2538 vii
