1727 2702
98 107 165 145 IV.
189 108 235 145 vi
610 106 657 144 T.
691 105 871 145 MACCI
904 105 1107 143 PLAVTI

135 298 172 330 ¹5

133 692 172 714 20

134 1014 170 1045 25

113 1309 173 1345 vii

137 1987 173 2008 10

193 231 267 269 ego
287 231 373 258 sum
395 231 513 265 sacer,
537 219 737 257 scelestus.
796 224 932 268 specta
951 230 1032 256 rem
1053 217 1176 256 modo
1191 231 1201 265 ;

193 298 266 334 ego
287 285 451 324 uerbum
474 284 614 322 faciam
634 283 834 336 (nullum).
895 285 960 322 Νι.
993 282 1122 330 etiam,
1144 284 1341 330 carnusex,

194 349 402 388 minitare?
459 351 536 389 CH.
569 363 710 388 nosces
731 358 771 387 tu
794 349 902 387 illuni
923 356 1101 387 actutum
1121 347 1239 399 quali'
1259 348 1318 387 sit.

193 428 298 453 nunc
319 416 424 453 hasc’
445 415 608 452 tabellas
629 415 725 453 ferre
747 427 810 453 nie
831 413 941 452 iussit
963 413 1043 452 tibi.

192 481 340 527 orabat,
363 482 471 531 quod
492 480 578 519 istic
598 489 700 520 esset
720 480 908 531 scripturn
930 488 973 519 ut
994 481 1112 519 fieret.

193 547 258 584 Νι.
291 547 402 584 cedo.
463 546 540 585 CH.
573 559 693 585 nosce
723 546 888 597 signum.
967 547 1032 584 Νι.
1066 545 1170 585 noui.
1214 546 1281 585 ubi
1316 546 1400 597 ipse
1432 548 1523 586 est?

1263 611 1341 650 CH.
1374 611 1518 650 nescio.

193 675 245 714 nil
268 675 343 714 iam
366 689 429 714 me
449 683 603 726 oportet
624 676 731 716 scire.
791 675 938 715 oblitus
958 689 1044 714 surn
1066 675 1210 714 omnia.

193 741 275 780 scio
297 755 359 780 me
380 755 464 780 esse
485 755 652 781 seruom.
712 741 847 780 nescio
867 741 985 780 etiam
1008 741 1047 780 id
1068 742 1176 791 quod
1198 741 1291 780 scio.

193 820 298 845 nunc
319 807 370 845 ab
391 815 600 845 transenna
620 806 684 845 hic
705 808 841 845 turdus
862 806 1099 845 lumbricum
1121 806 1241 856 petit;

192 871 382 922 pendebit
403 872 523 911 hodie
544 873 717 922 pulchre,
739 872 793 910 ita
813 871 964 911 intendi
986 879 1111 910 tenus.

194 938 260 975 Νι.
292 938 506 976 manedum
527 950 760 988 parumper;
790 937 866 976 iam
887 950 985 976 exeo
1003 938 1055 975 ad
1075 944 1124 984 te,
1148 937 1401 987 Chrysale.—

193 1003 270 1041 CH.
303 1010 344 1041 ut
365 1003 486 1041 uerba
507 1002 602 1041 mihi
623 1004 702 1050 dat,
725 1010 766 1040 ut
787 1003 921 1041 nescio
940 1015 1060 1053 quam
1081 1015 1162 1041 rem
1182 1010 1289 1052 gerat
1308 1006 1315 1041 !

193 1080 327 1106 seruos
347 1068 508 1106 arcessit
528 1067 633 1106 intus
653 1067 721 1118 qui
742 1081 805 1107 me
825 1067 1011 1107 uinciant.

192 1133 295 1172 bene
316 1133 427 1172 nauis
447 1133 582 1184 agitur,
605 1135 767 1184 pulchre
787 1134 884 1172 haec
905 1134 1103 1172 confertur
1122 1132 1223 1172 ratis.

193 1200 262 1237 sed
284 1198 551 1246 conficiscam,
574 1211 666 1237 nam
686 1198 807 1237 audio
826 1197 964 1249 aperiri
985 1199 1098 1237 fores.

277 1310 602 1348 N1COBVLvs
713 1309 1047 1348 CHRYSALVS
1159 1309 1451 1349 LORAkivs

195 1393 259 1430 Νι.
294 1390 528 1440 Constringe
549 1399 590 1429 tu
611 1390 700 1437 illic,
724 1393 898 1437 Artamo‚
919 1398 1096 1428 actutum
1118 1403 1267 1429 manus.

194 1457 271 1495 Cn.
304 1456 400 1506 quid
421 1455 525 1494 feci?
582 1456 647 1494 Νι.
680 1455 853 1505 impinge
873 1468 1061 1505 pugnum,
1084 1454 1114 1493 si
1137 1454 1362 1493 muttiuerit.

193 1521 290 1571 quid
307 1522 380 1559 hae
402 1522 614 1570 loquontur
634 1519 813 1558 litterae?
869 1519 947 1559 CH.
979 1519 1075 1569 quid
1096 1533 1160 1558 me
1179 1522 1321 1570 rogas?

195 1594 237 1624 ut
257 1586 308 1624 ab
329 1585 395 1624 illo
414 1585 561 1635 accepi,
584 1585 634 1623 ad
656 1593 694 1623 te
715 1584 940 1635 opsignatas
960 1584 1083 1623 attuli.

197 1652 262 1688 N1.
295 1651 371 1689 cho
392 1658 443 1696 tu,
469 1649 763 1699 †loquitatusne
783 1662 825 1688 es
845 1657 964 1699 gnato
986 1653 1106 1689 meo†

196 1717 297 1753 male
318 1727 385 1765 per
405 1727 639 1761 sermonem,
662 1714 754 1764 quia
776 1714 826 1752 mi
849 1714 888 1753 id
909 1728 1046 1754 aurum
1067 1713 1250 1761 reddidit,

194 1788 232 1818 et
254 1788 290 1819 te
311 1779 440 1818 dixisti
462 1779 501 1818 id
521 1792 658 1817 aurum
679 1779 900 1818 ablaturum
924 1788 1054 1819 tamen

196 1859 263 1896 per
284 1845 611 1895 sycophantiam?
667 1846 744 1884 Cn.
778 1859 903 1896 egone
926 1846 1023 1885 istuc
1044 1846 1153 1885 dixi?
1209 1846 1275 1884 Νι.
1309 1845 1371 1883 ita.

195 1910 272 1948 Cu.
305 1908 391 1959 quis
412 1909 569 1946 homost
591 1908 657 1958 qui
678 1909 784 1947 dicat
806 1923 868 1948 rne
884 1910 1026 1948 dixisse
1048 1910 1178 1948 istuc?
1235 1910 1308 1955 Ni„
1333 1916 1430 1954 tace,

195 1975 324 2011 nullus
345 1975 465 2012 homo
486 1973 580 2011 dicit
599 1989 604 2011 :
637 1976 710 2012 hae
731 1975 897 2013 tabellae
919 1983 956 2013 te
975 1979 1152 2025 arguont,

193 2052 289 2088 quas
311 2046 350 2076 tu
372 2039 544 2077 attulisti.
604 2053 666 2077 ern
689 2041 763 2078 hae
784 2047 820 2078 te
842 2039 978 2078 uinciri
1001 2040 1147 2078 iubent.

193 2106 270 2142 (jn.
302 2105 388 2150 aha,
414 2105 761 2154 Bellorophantam
786 2106 865 2142 tuo'
888 2118 950 2143 me
971 2104 1061 2143 fecit
1083 2104 1207 2142 filius:

237 2208 298 2246 785
325 2207 449 2238 nullum
461 2207 537 2238 add.
555 2206 770 2237 Brachmann
861 2208 923 2246 789
946 2207 1111 2247 velipsust
1201 2216 1264 2245 792
1289 2206 1340 2236 hic
1351 2216 1415 2237 om.
1431 2206 1518 2237 codd.

193 2249 294 2280 Nom'i
307 2252 328 2281 6
462 2262 522 2290 794
549 2261 635 2281 exeo
652 2251 693 2281 ad
711 2257 743 2281 te
764 2249 920 2280 Guietus:
944 2251 984 2281 ad
1004 2256 1036 2280 te
1061 2261 1148 2281 exeo
1165 2250 1230 2281 cod.
1333 2260 1395 2289 795
1421 2256 1455 2280 ut
1472 2250 1519 2290 ιι]

193 2294 280 2324 bene
298 2295 368 2325 scio
386 2295 564 2325 Abraham
703 2304 764 2333 797
790 2294 935 2332 agitatur
952 2293 1015 2324 cod.
1036 2295 1080 2334 (v.
1099 2295 1146 2330 8),
1166 2293 1222 2324 scd
1236 2293 1332 2324 nauis
1352 2293 1519 2332 nzorwsyll.

193 2338 246 2367 υιζι·
263 2337 440 2375 srrmdmn
575 2339 638 2376 803
663 2342 697 2368 tu
715 2337 868 2378 <st-elus>
885 2337 1010 2368 Rus-ch!
1103 2338 1184 2377 fort.
1205 2337 1401 2376 loquitatu’n
1420 2342 1522 2376 gnato

195 2380 548 2454 (Mnesilochcsscineo
695 2382 761 2411 806
785 2381 834 2412 ve!
847 2382 915 2411 dixi
1048 2383 1114 2412 8ιο
1136 2381 1224 2411 bello
1243 2381 1441 2420 rophantem
1460 2379 1520 2420 (Bz

195 2425 395 2464 rophontern
468 2425 505 2461 DJ
523 2426 586 2455 iarn
608 2429 678 2466 ‘pm
694 2430 774 2455 —tem
792 2435 870 2455 corr.
893 2430 972 2456 -tam
988 2426 1013 2464 ³>
1031 2424 1096 2455 cod.

1542 287 1608 332 785

1541 684 1611 720 790

1541 1008 1606 1044 795

1540 1459 1610 1494 800

1541 1785 1607 1829 805

1541 2109 1610 2143 810
