1727 2712
36 220 98 268 165

36 682 100 717 170

35 1074 96 1110 175

0 1455 99 1500 79-80

605 102 962 143 MENAECHMI
1421 100 1450 140 I.
1471 98 1502 137 ii

119 214 226 267 (PE.)
367 229 384 249 *
552 221 711 265 captum
732 213 781 252 sit
801 213 1021 265 collegium.
1474 225 1513 258 55

121 283 235 319 ΜΕΝ.
267 281 437 331 agedum
458 281 624 319 odorare
640 280 742 318 hanc
763 292 882 330 quam
904 292 977 329 ego
998 279 1128 318 habeo
1148 279 1304 329 pallam.
1355 276 1453 327 quid

1113 345 1192 382 olet
1206 344 1222 381 ?
1250 341 1454 392 apstines?

118 413 186 449 PE.
219 424 419 449 summum
441 411 650 449 olefactare
669 417 825 460 oportet
846 409 1127 448 uestimentum
1150 407 1351 454 muliebre,

118 489 209 513 nam
231 489 277 514 ex
298 475 397 513 istoc
417 477 507 514 loco
528 482 732 525 spurcatur
752 488 892 513 nasum
913 475 1036 514 odore
1056 474 1209 512 inlutili.

118 542 232 578 ΜΕΝ.
275 541 418 578 olfacta
456 539 572 589 igitur
610 539 712 585 hinc,
751 538 949 578 Penicule.
1026 538 1157 590 lepide
1195 546 1239 577 ut
1277 537 1452 576 fastidis!

1222 605 1291 642 PE.
1324 604 1449 642 decet.

118 671 162 707 M
166 681 232 707 EN.
275 669 371 719 quid
417 668 564 719 igitur?
611 668 707 718 quid
741 670 850 707 olet?
896 670 1102 720 responde.
1182 670 1250 706 PE.
1292 669 1449 714 furtum,
1471 671 1513 703 60

1019 744 1204 783 scortum,
1228 735 1450 786 prandium.

117 801 187 839 tibi
209 803 318 840 fuant
538 815 556 835 *
779 816 797 835 *
1056 815 1073 834 *

118 868 233 905 MEN.
266 868 468 913 elocutu's,
492 881 583 905 nam
732 880 750 900 *
883 880 900 899 εκ
1052 881 1070 901 *
1193 863 1453 918 (prandium.)

117 945 224 970 nunc
243 933 295 970 ad
314 932 483 970 amicam
505 934 700 971 deferetur
720 933 824 970 hanc
844 931 1089 970 meretricem
1111 931 1302 970 Erotium.

119 997 227 1044 mihi,
244 996 314 1036 tibi
335 1004 455 1047 atque
476 997 530 1035 illi
551 997 699 1036 iubebo
720 997 797 1035 iam
817 996 996 1047 apparari
1017 996 1238 1047 prandium.
1282 998 1350 1034 PE.
1376 1010 1424 1035 eu
1445 999 1451 1034 l

119 1065 234 1101 MEN.
267 1062 362 1102 inde
382 1076 508 1113 usque
528 1064 579 1102 ad
601 1062 782 1102 diurnam
804 1063 956 1101 stellam
981 1061 1191 1100 crastinam
1212 1061 1448 1112 potabimus.
1472 1062 1513 1105 65

118 1130 186 1166 PE.
221 1127 287 1181 [eu
306 1126 331 1181 ἔ]

116 1193 298 1244 expedite
320 1194 538 1232 fabulatu's.
597 1193 674 1232 iam
696 1194 798 1232 fores
819 1192 945 1232 ferio?
1003 1195 1117 1231 MEN.
1150 1192 1231 1232 feri.

118 1261 181 1298 uel
198 1273 314 1298 mane
330 1259 460 1298 etiam.
512 1261 580 1297 PE.
615 1259 720 1298 mille
736 1272 895 1310 passum
912 1260 1190 1297 commoratu's
1206 1259 1450 1297 cantharum.

119 1326 233 1363 ΜΕΝ.
266 1324 421 1375 placide
452 1326 572 1375 pulta.
633 1326 701 1362 PE.
734 1323 888 1371 metuis,
919 1325 1049 1370 credo,
1082 1338 1132 1363 ne
1164 1325 1266 1364 fores
1298 1323 1453 1363 Samiae

1338 1396 1450 1428 S1ent.

119 1455 236 1493 ΜΕΝ.
270 1468 396 1501 mane,
422 1468 538 1493 mane
559 1467 725 1505 opsecro
752 1455 883 1493 hercle
900 1470 906 1492 :
937 1467 1054 1504 eapse
1081 1468 1215 1493 eccam
1238 1453 1325 1492 exit.
1376 1454 1428 1492 oh
1446 1456 1453 1491 !

1194 1522 1319 1559 solem
1340 1519 1453 1558 uides

117 1583 217 1623 satin
239 1593 280 1623 ut
301 1592 551 1624 occaecatust
573 1598 664 1635 prae
685 1584 801 1623 huius
823 1584 996 1636 corporis
1017 1585 1287 1624 candoribus?
1474 1595 1514 1627 70

153 1697 416 1733 EROTrviu
529 1696 850 1732 PEN1CVLvs
963 1695 1414 1732 MENAEcnmvsI
1470 1697 1516 1734 iii

118 1779 191 1816 ER.
223 1777 369 1816 Anime
400 1776 463 1825 mi,
495 1777 771 1823 Menaechme,
805 1778 923 1815 salue.
984 1779 1052 1814 PE.
1085 1776 1182 1826 quid
1212 1778 1317 1826 ego?
1375 1778 1449 1814 ER.

924 1850 1031 1881 extra
1051 1855 1259 1880 numerum
1281 1855 1321 1880 es
1343 1841 1449 1880 mihi.

119 1911 186 1947 PE.
219 1908 325 1948 idem
346 1908 446 1947 istuc
467 1908 552 1946 aliis
572 1908 821 1958 adscriptiuis
842 1908 924 1946 fieri
944 1909 995 1947 ad
1016 1907 1211 1958 legionem
1233 1909 1342 1946 solet.

164 2014 222 2052 167
248 2024 301 2053 op.
317 2013 478 2044 olfactare
497 2012 604 2053 (olf—
616 2011 656 2052 P,
675 2012 708 2042 A
727 2023 758 2043 n.
779 2013 818 2049 L]
840 2013 980 2053 Gm'etus,
1000 2012 1059 2043 sed
1077 2011 1115 2043 de
1132 2011 1242 2042 olef—
1258 2011 1294 2049 cf.
1314 2009 1451 2041 Skutsch

119 2056 250 2091 (Philol.
263 2067 315 2096 59,
330 2057 410 2095 504}
513 2056 574 2086 168
590 2056 720 2086 modori
732 2055 773 2095 P,
784 2056 817 2086 A
832 2067 864 2088 n.
881 2057 899 2088 I.
915 2057 1009 2097 (corr.
1024 2056 1083 2097 ΒΞ)
1175 2054 1294 2085 inlutili
1305 2053 1449 2085 Ritschl:

117 2100 272 2131 inlutibili
289 2100 381 2131 codd.
398 2099 502 2130 Nonii
514 2110 579 2140 394
595 2111 601 2130 :
627 2100 774 2130 inlucido
789 2100 829 2140 P,
846 2100 879 2130 A
899 2112 930 2131 n.
951 2102 970 2132 l.
989 2113 996 2131 ε
1022 2100 1154 2131 mucido
1170 2098 1301 2129 Colvius
1391 2099 1452 2137 169

116 2144 239 2175 difacta
253 2144 344 2183 P(D
353 2149 416 2185 pro
429 2143 479 2181 O;
504 2145 546 2175 vi.
566 2144 598 2183 Ι)
614 2154 620 2173 :
645 2143 696 2174 vel
709 2142 854 2175 olefacta
966 2154 1036 2184 171¹v
1055 2155 1114 2183 172
1133 2154 1196 2174 om.
1212 2142 1261 2172 P:
1287 2143 1320 2171 in
1336 2141 1369 2171 A
1388 2152 1451 2171 ser-

116 2192 192 2219 vata
205 2188 339 2229 vestigia
419 2198 478 2226 172
501 2186 679 2226 prandium
696 2186 814 2218 addidi
829 2188 888 2227 (iii.
913 2190 965 2225 ΙΙ)
1059 2199 1117 2227 174
1139 2198 1180 2217 eu
1195 2197 1260 2217 om.
1276 2185 1309 2215 P
1390 2194 1450 2224 175

116 2232 273 2262 diurnum
285 2231 318 2262 P
390 2235 568 2270 potaumus
586 2230 801 2271 (poterimus)
819 2232 851 2261 A
916 2243 957 2262 eu
974 2243 1038 2263 om.
1057 2231 1090 2262 P
1104 2232 1156 2271 (cf
1174 2241 1203 2261 v.
1222 2231 1298 2269 174)
1390 2230 1451 2267 176

115 2274 201 2306 ferio
218 2276 306 2314 sores
326 2275 356 2304 A
392 2278 502 2305 contra
521 2274 678 2314 metrum)
804 2285 929 2314 177-92
952 2282 1057 2316 pauca
1075 2279 1205 2305 lantum
1222 2274 1256 2303 in
1268 2272 1449 2313 posteriori-

115 2319 175 2349 bus
191 2329 345 2350 versuum
358 2317 506 2359 partibus
522 2317 554 2347 A
695 2319 753 2356 178
777 2319 888 2350 scient
905 2318 938 2349 P
952 2320 1003 2360 (cf.
1026 2319 1102 2359 188)
1231 2327 1301 2356 179,
1325 2318 1387 2347 180
1409 2316 1450 2346 ab

116 2372 154 2393 se
171 2373 251 2393 ecca
263 2361 303 2401 P,
322 2362 355 2391 A
376 2374 407 2392 n.
426 2361 446 2392 l.
540 2360 617 2391 uide
634 2360 807 2392 Acidalius
895 2367 970 2393 ante
985 2363 1072 2393 hunc
1086 2372 1215 2393 versum
1228 2361 1314 2391 alius
1324 2358 1450 2390 Loewio

116 2406 150 2436 in
171 2407 199 2436 A
219 2410 325 2436 extare
340 2405 430 2436 visus
446 2408 491 2436 est
506 2404 548 2435 ab
560 2404 629 2434 f—
645 2405 798 2446 inct'pt'ens
934 2408 993 2445 183
1017 2407 1059 2436 ad
1077 2406 1244 2445 legionem
1264 2404 1337 2435 fieri
1353 2403 1387 2434 P
