1727 2702
154 118 231 157 111.
254 119 299 157 iii
679 119 725 157 T.
761 119 940 160 MACCI
971 119 1177 158 PLAVTI

251 243 373 280 quom
396 229 611 269 militabam
629 244 636 268 :
666 229 806 280 pugnis
828 229 1093 269 memorandis
1115 228 1212 269 meis

251 295 499 335 eradicabam
522 293 729 333 hominum
748 293 863 341 auris,
885 295 1047 344 quando
1067 307 1311 344 occeperam.

252 361 321 399 sed
342 360 430 410 quis
451 359 529 398 illic
549 367 608 398 est
627 372 747 410 quem
768 360 846 397 huc
865 358 1145 398 aduenientem
1166 358 1374 410 conspicor
1600 370 1666 408 435
1679 362 1704 412 's'

191 437 232 468 55
253 438 363 464 suam
385 424 452 475 qui
473 425 690 463 undantem
711 424 960 474 chlamydem
981 424 1207 473 quassando
1227 423 1347 462 facit?

188 532 235 570 iv
593 535 772 573 MrLEs
884 535 1248 572 PERIPHANES

255 619 327 656 M1.
360 618 470 657 Caue
490 615 746 667 prae'terbitas
767 617 864 654 ullas
884 615 993 655 aedis
1013 615 1109 666 quin
1131 628 1253 665 roges,

251 695 369 720 senex
390 683 453 720 hic
474 681 541 720 ubi
562 680 713 720 habitat
735 680 974 731 Periphanes
997 679 1206 719 Platenius.

250 747 420 786 incertus
441 753 551 784 tuom
572 758 670 784 caue
689 746 741 784 ad
761 758 825 784 me
845 744 1037 784 rettuleris
1057 745 1212 795 pedem.

251 813 319 850 PE.
351 812 596 857 adulescens,
619 810 651 850 si
671 809 799 849 istunc
820 809 1023 848 hominem
1045 823 1163 860 quem
1186 817 1227 848 tu
1248 811 1443 860 quaeritas
1601 820 1670 856 440

212 891 230 924 5
250 876 321 915 tibi
343 883 659 922 commostrasso,
682 888 849 926 ecquam
869 888 939 925 aps
960 882 998 913 te
1018 874 1129 913 inibo
1151 874 1343 925 gratiam?

255 943 326 980 M1.
357 940 500 980 uirtute
521 940 612 979 belli
632 947 804 978 armatus
824 939 1021 991 promerui
1042 947 1084 978 ut
1106 939 1201 978 mihi

250 1005 379 1045 omnis
401 1005 573 1045 mortalis
593 1018 707 1056 agere
727 1005 866 1044 deceat
886 1004 1036 1055 gratias.

252 1072 320 1110 PE.
353 1084 433 1110 non
454 1070 668 1121 repperisti,
690 1071 936 1117 adulescens,
959 1069 1212 1120 tranquillum
1234 1070 1365 1109 locum

251 1136 318 1175 ubi
340 1144 424 1175 tuas
445 1136 608 1175 uirtutes
629 1135 799 1186 explices
819 1143 862 1174 ut
882 1136 1069 1186 postulas.
1599 1146 1666 1183 445

195 1217 232 1240 10
251 1215 342 1240 nam
364 1201 569 1242 strenuiori
591 1201 761 1240 deterior
781 1200 811 1240 si
833 1200 1032 1251 praedicat

251 1281 340 1306 suas
362 1269 523 1318 pugna5‚
545 1268 595 1306 de
617 1266 718 1305 illius
739 1266 827 1305 illae
848 1267 947 1304 fiunt
967 1266 1159 1306 sordidae.

251 1333 320 1372 sed
341 1332 458 1371 istum
480 1346 597 1383 quem
620 1332 773 1382 quaeris
795 1331 1057 1382 Periphanem
1080 1331 1300 1371 Platenium

251 1411 324 1449 ego
344 1411 441 1443 sum,
465 1397 496 1436 si
518 1397 613 1448 quid
634 1397 703 1436 uis.
766 1398 836 1435 M1.
870 1398 1000 1447 nemp'
1021 1410 1139 1447 quem
1161 1396 1199 1435 in
1219 1396 1488 1437 adulescentia

252 1470 471 1501 memorant
490 1463 597 1513 apud
618 1475 726 1513 reges
745 1461 874 1509 armis,
896 1469 977 1500 arte
998 1461 1165 1501 duellica
1598 1472 1668 1508 450

195 1540 232 1574 ¹5
251 1527 408 1566 diuitias
430 1540 589 1577 magnas
610 1526 816 1577 indeptum
830 1529 847 1564 ?
903 1528 972 1565 PE.
1004 1526 1127 1565 immo
1147 1526 1177 1565 si
1199 1526 1335 1566 audias

253 1606 358 1631 meas
380 1593 541 1642 pugnas,
564 1591 687 1641 fugias
709 1591 891 1630 manibus
912 1590 1092 1630 demissis
1112 1592 1287 1631 domum.

253 1658 326 1695 M1.
358 1657 423 1706 pol
445 1669 517 1706 ego
539 1655 660 1706 magis
682 1669 804 1694 unum
826 1668 973 1705 quaero
994 1669 1101 1695 meas
1121 1656 1215 1706 quoi
1235 1656 1458 1706 praedicem

250 1734 368 1772 quam
391 1720 498 1759 illum
520 1720 587 1770 qui
609 1727 800 1759 memoret
820 1733 909 1759 suas
930 1719 1036 1758 mihi.
1088 1722 1156 1759 ΡΕ.
1188 1720 1252 1760 hic
1273 1734 1353 1760 non
1373 1729 1432 1760 est
1447 1723 1581 1770 locus3

252 1785 364 1836 proin
386 1793 426 1823 tu
446 1785 564 1824 alium
587 1798 749 1836 quaeras
771 1784 864 1835 quoi
886 1792 1074 1824 centones
1095 1784 1247 1824 sarcias.
1598 1798 1664 1838 455

194 1864 233 1886 20
255 1852 327 1889 M1.
356 1850 531 1889 animum
552 1851 716 1889 aduorte
737 1857 779 1888 ut
798 1850 906 1900 quod
927 1863 1000 1900 ego
1019 1850 1071 1889 ad
1091 1857 1128 1889 te
1147 1849 1320 1890 aduenio
1339 1849 1550 1901 intellegas.

253 1930 380 1955 meam
401 1915 568 1954 amicam
589 1915 724 1954 audiui
745 1923 782 1954 te
803 1929 887 1954 esse
909 1923 1134 1969 mercatum.
1195 1917 1262 1954 PE.
1294 1918 1461 1954 attatae!

251 1995 355 2020 nunc
377 1983 538 2020 demum
560 1980 642 2020 scio
663 1994 736 2031 ego
757 1981 863 2019 hunc
883 1980 949 2031 qui
971 1980 1041 2019 sit:
1071 1994 1189 2031 quem
1211 1981 1363 2020 dudum
1389 1980 1578 2032 Epidicus

252 2046 346 2085 mihi
367 2045 608 2096 praedicauit
629 2045 803 2083 militem.
862 2046 1106 2092 adulescens,
1129 2045 1217 2084 itast

295 2153 357 2183 435
383 2144 447 2174 illic
464 2143 617 2185 Seyfflrt:
643 2144 696 2174 hic
713 2142 776 2174 cod.
792 2143 873 2183 (pro
891 2143 944 2173 ille
963 2143 1028 2180 hic,
1046 2143 1067 2174 ι’.
1078 2154 1100 2174 e.
1122 2143 1225 2217 illie?
1358 2144 1421 2183 438
1445 2143 1498 2175 hic
1510 2153 1575 2175 om.

251 2188 283 2218 B
373 2187 592 2218 Plathacnius
624 2187 689 2226 (ln'c
713 2190 741 2217 c!
763 2187 796 2216 in
821 2197 870 2219 vv.
898 2193 977 2226 seq.)
1003 2186 1047 2219 K.
1075 2187 1194 2218 Schrm'
1215 2190 1227 2217 t
1252 2185 1384 2228 (Herm.
1416 2196 1467 2227 37,
1497 2187 1578 2227 203)

252 2241 315 2270 443
341 2231 490 2271 [deceat]
510 2241 611 2268 agere
630 2231 748 2261 deccat
766 2230 831 2261 cod.
850 2230 939 2268 (dec.
955 2236 1004 2270 pr.
1024 2240 1088 2261 om.
1104 2230 1147 2270 J)
1167 2231 1227 2271 (iv.
1245 2230 1281 2271 3)
1417 2240 1478 2270 447
1503 2231 1578 2261 item

253 2275 440 2305 I'n'sn'anns
470 2285 493 2314 ι,
526 2276 568 2305 86
594 2286 643 2314 sq.
746 2274 864 2304 suillae
890 2273 1024 2304 Palmer
1047 2273 1235 2313 (Hermam.
1259 2284 1291 2314 9,
1313 2274 1372 2314 64)
1513 2275 1577 2313 448

254 2318 301 2348 vel
316 2319 422 2349 istunc
556 2328 620 2357 450
643 2317 758 2348 accedit
773 2317 805 2347 A
954 2327 1017 2356 452
1041 2318 1123 2348 dim·
1147 2317 1340 2358 Lambrum,
1351 2317 1434 2357 sort.
1451 2328 1524 2348 cum
1542 2316 1574 2347 A

253 2371 314 2400 ⁴54
332 2372 396 2401 qua
415 2362 536 2392 ‹illmm
556 2362 604 2391 vel
619 2362 733 2401 qua(m
752 2372 769 2391 e
791 2370 843 2390 um
864 2360 894 2389 A
994 2371 1057 2400 455
1083 2361 1195 2401 proin]
1212 2371 1279 2401 quo
1296 2361 1327 2391 in
1346 2361 1378 2392 P
1394 2361 1490 2403 (quin
1510 2360 1574 2397 3³)

253 2407 376 2436 sarcias
394 2406 581 2436 Lambinus
597 2417 602 2435 :
628 2405 747 2436 sarcias
764 2409 791 2434 ct
808 2403 839 2433 A
866 2414 904 2442 xv.
927 2405 959 2443 7)
977 2407 1006 2434 et
1022 2404 1054 2435 P
1070 2404 1170 2445 (spro
1186 2406 1229 2445 s),
1250 2406 1304 2436 vix
1320 2408 1394 2436 recte
1513 2406 1577 2444 456

255 2450 354 2480 uenio
372 2450 402 2480 P
