1727 2712
724 95 954 134 CAPTIVI
1440 93 1510 133 IV.
1532 93 1562 131 ii

230 203 316 242 ‘hic
337 203 437 242 illest
458 218 577 243 senex
598 206 738 244 doctus
759 204 854 255 quoi
875 204 996 243 uerba
1016 205 1108 243 data
1127 208 1244 244 sunt.'

281 270 351 308 sed
374 270 571 320 Ergasilus
591 278 702 309 estne
723 270 786 308 hic
807 271 943 320 procul
964 283 1083 320 quem
1105 270 1257 310 uideo?

227 336 409 373 conlecto
430 335 593 385 quidem
614 343 672 374 est
692 335 822 386 pallio.
881 335 1073 385 quidnam
1094 338 1298 375 acturust?

86 417 156 454 790
282 403 356 439 ER.
381 415 498 440 moue
518 415 589 452 aps
610 410 648 440 te
669 415 817 440 moram
840 409 969 451 atque,
994 402 1181 452 Ergassse,
1202 416 1273 453 age
1293 403 1396 441 hanc
1416 415 1510 441 rem.
1535 419 1576 442 ιο

172 465 325 504 eminor
345 466 665 516 interminorque‚
688 480 738 505 ne
761 464 882 518 [quis]
905 466 957 504 mi
979 466 1172 516 opstiterit
1193 466 1365 515 obuiam,

172 530 245 569 nisi
267 531 354 581 quis
375 531 459 570 sati'
480 531 548 570 diu
570 531 712 570 uixisse
733 545 818 570 sese
839 533 960 569 homo
981 531 1241 570 arbitrabitur.

171 610 265 634 nam
300 596 368 647 qui
403 596 596 647 opstiterit
628 610 694 636 ore
729 596 847 635 sistet.
919 598 1002 636 HE.
1039 597 1103 635 hic
1135 598 1257 636 homo
1292 597 1510 648 pugilatum

1360 663 1508 713 incipit.

173 729 247 765 ER.
281 728 407 766 facere
424 735 624 766 certumst.
653 727 819 778 proinde
836 734 878 766 ut
895 741 1033 766 omnes
1055 727 1193 766 itinera
1214 727 1395 766 insistant
1416 742 1509 766 sua:

83 803 148 839 795
170 806 220 830 ne
241 792 330 842 quis
351 792 390 830 in
412 794 487 831 hac
508 794 638 842 platea
657 793 790 843 negoti
810 795 986 832 conferat
1007 793 1221 843 quicquam
1244 793 1313 831 sui.
1535 808 1569 839 15

169 872 260 896 nam
283 866 454 896 meumst
475 858 629 897 ballista
650 872 838 909 pugnum,
857 858 1013 897 cubitus
1035 860 1271 909 catapultast
1293 858 1402 907 mihi,

169 937 326 961 umerus
347 923 457 970 aries,
482 931 565 961 tum
585 937 689 973 genu
710 925 760 962 ad
781 925 940 973 quemq’
962 923 1090 962 iecero
1110 925 1161 962 ad
1183 931 1322 962 terram
1345 925 1463 971 dabo,

168 988 388 1039 dentilegos
410 988 538 1027 omnis
560 988 734 1027 mortalis
755 989 907 1035 faciam,
931 1003 1132 1039 quemque
1153 990 1367 1029 offendero.

170 1055 251 1092 ΗΕ.
283 1054 384 1104 quae
406 1054 517 1093 illaec
538 1055 762 1093 eminatiost
783 1057 907 1093 nam?
937 1069 1093 1105 nequeo
1114 1054 1242 1106 mirari
1265 1055 1366 1093 satis.

81 1126 151 1159 800
170 1121 244 1157 ER.
276 1119 417 1158 faciam
439 1128 481 1158 ut
502 1120 617 1158 huius
639 1120 717 1159 diei
742 1122 898 1170 locique
919 1120 1076 1170 meique
1098 1134 1252 1171 semper
1273 1121 1505 1159 meminerit.
1530 1139 1571 1161 20

167 1185 234 1235 qui
265 1185 360 1223 mihi
388 1185 428 1224 in
458 1188 573 1225 ctirsu
597 1184 834 1238 [opstiterit]‚
858 1187 946 1224 faxo
974 1185 1078 1224 uitae
1105 1185 1136 1224 is
1166 1188 1364 1236 extemplo
1392 1185 1508 1236 opsti-

1293 1251 1380 1290 terit
1402 1265 1504 1290 suae.

168 1317 248 1355 HE.
281 1316 377 1367 quid
392 1316 455 1355 hic
472 1318 594 1356 homo
607 1324 759 1355 tantum
774 1317 964 1367 incipissit
981 1318 1107 1355 facere
1124 1330 1213 1355 curn
1231 1316 1348 1355 tantis
1363 1316 1508 1354 minis?

168 1384 242 1420 ER.
275 1382 380 1433 prius
401 1383 526 1429 edico,
551 1397 600 1421 ne
622 1382 709 1433 quis
730 1390 888 1433 propter
908 1384 1065 1433 culpam
1087 1382 1262 1433 capiatur
1282 1396 1417 1422 suam:

166 1448 367 1487 continete
388 1462 460 1486 uos
481 1448 601 1495 domi,
626 1448 831 1498 prohibete
851 1462 874 1486 a
895 1448 1009 1486 uobis
1030 1447 1110 1486 uim
1134 1462 1274 1486 meam.

79 1518 145 1561 805
168 1513 248 1551 HE.
281 1513 380 1552 mira
406 1514 549 1563 edepol
576 1520 666 1550 sunt
687 1514 728 1550 ni
751 1512 815 1551 hic
842 1512 881 1550 in
909 1520 1087 1551 uentrem
1116 1513 1282 1564 sumpsit
1307 1514 1507 1552 confiden-
1529 1527 1567 1559 25

1400 1578 1505 1617 tiam.

165 1657 238 1683 uae
260 1644 402 1683 misero
423 1644 488 1691 illi,
511 1644 653 1694 quoius
674 1643 765 1683 cibo
786 1643 858 1683 iste
878 1645 1021 1683 factust
1041 1643 1287 1694 imperiosior
1306 1647 1312 1682 !

167 1710 241 1747 ER.
274 1718 357 1747 tum
379 1712 544 1760 pistores
566 1708 801 1759 scrofipasci,
825 1711 893 1759 qui
912 1711 1023 1748 alunt
1043 1709 1256 1748 furfuribus
1277 1723 1378 1756 sues,

166 1788 332 1824 quarum
353 1777 475 1814 odore
496 1775 703 1825 praeterire
723 1789 842 1814 nemo
863 1775 1071 1825 pistrinum
1096 1782 1249 1826 potest:

166 1854 303 1879 eorum
324 1841 355 1879 si
376 1840 655 1891 quoiiusquam
676 1842 843 1879 scrofam
866 1841 905 1879 in
926 1841 1088 1892 publico
1108 1854 1362 1891 conspexero,

80 1912 148 1945 810
167 1920 213 1944 ex
234 1906 327 1957 ipsis
348 1907 520 1946 dominis
541 1907 638 1946 meis
659 1907 800 1958 pugnis
821 1910 1037 1948 exculcabo
1058 1910 1232 1947 furfures.
1523 1916 1565 1947 30

170 1973 250 2010 ΗΕ.
282 1972 462 2011 basilicas
483 1973 702 2012 edictiones
720 1981 839 2024 atque
859 1973 1089 2025 imperiosas
1110 1975 1230 2013 habet
1250 1990 1256 2012 :

214 2078 274 2116 787
301 2078 420 2108 ductus
444 2078 509 2109 cod.
532 2078 577 2118 (v.
601 2079 653 2113 123
790 2089 854 2118 790
878 2089 1005 2110 moram
1020 2077 1194 2121 (moram)
1208 2078 1333 2109 Schoell
1444 2089 1502 2117 791

169 2122 245 2158 quis
276 2121 334 2152 del.
371 2122 515 2159 Guietzts,
546 2121 724 2152 secundum
757 2133 882 2153 morem
919 2123 1118 2153 Plautinmn
1283 2132 1345 2161 794
1381 2119 1433 2162 ut]
1461 2122 1507 2152 ita

169 2164 341 2195 Fleckeisen
475 2175 536 2204 795
562 2166 648 2195 hanc
667 2165 814 2204 plateam
830 2166 935 2196 Bothe
1045 2169 1108 2206 796
1132 2166 1211 2196 mihi
1229 2166 1313 2196 haec
1332 2168 1410 2205 (pro
1427 2166 1505 2205 hoc)

170 2207 289 2238 balista
305 2219 455 2247 pugnum
474 2214 524 2238 cst
536 2220 688 2248 gramm.
707 2208 744 2239 de
767 2209 842 2241 dub.
864 2221 952 2240 nom.
975 2220 1005 2249 5,
1020 2211 1081 2249 587
1100 2209 1143 2240 K.
1163 2211 1185 2249 (ι
1202 2219 1352 2248 pugnum
1369 2209 1506 2239 Plautus

170 2261 296 2290 genere
312 2258 434 2283 neutro
452 2253 537 2282 dixit
552 2253 559 2267 ’
584 2254 731 2282 testatus*
749 2264 756 2283 ε
781 2263 875 2283 meus
893 2258 944 2283 est
960 2254 1093 2284 ballista
1112 2263 1248 2292 pugnus
1264 2251 1330 2282 cod.
1446 2263 1506 2291 797

169 2296 210 2325 ad
228 2294 287 2325 del.
307 2294 372 2326 Leo
391 2308 396 2326 :
421 2301 457 2326 ut
473 2295 614 2335 Pylades
711 2296 800 2326 icero
816 2296 957 2336 Pylades
1100 2298 1161 2327 801
1188 2296 1358 2335 opstiterit
1373 2296 1506 2326 seclusi:

173 2338 221 2379 [in
238 2339 353 2380 cursu]
371 2339 475 2370 Bothe
635 2340 699 2369 806
732 2339 812 2380 iste]
814 2341 896 2378 sort.
918 2342 948 2370 is
1089 2341 1152 2378 807
1187 2339 1370 2370 furfuribus
1385 2338 1506 2378 Luchs,

163 2382 352 2422 postulante
363 2387 392 2413 et
408 2387 509 2414 metro
525 2386 554 2413 et
567 2393 665 2413 sensu
682 2394 688 2413 :
715 2382 842 2414 furfure
858 2383 924 2415 cod.
