1727 2712
709 128 981 166 ASINARIA
1451 128 1505 165 11.
1526 126 1573 162 iv

178 236 248 276 tibi
281 237 444 287 quidem
479 236 728 288 supplicium,
763 238 959 283 carnufex,
993 238 1043 275 de
1076 237 1190 276 nobis
1222 237 1365 276 de'tur?
1423 237 1506 274 ME.

1252 310 1370 352 atque
1392 301 1510 341 etiam

115 401 135 435 8
177 381 250 418 pro
270 367 385 406 dictis
407 367 549 406 uostris
570 367 773 406 maledicis
794 381 947 418 poenae
968 369 1192 418 pendentur
1212 367 1265 406 mi
1286 367 1416 406 hodie.

89 410 157 492 235
179 434 248 472 LE.
281 431 390 483 quid,
413 433 609 471 uerbero?
642 432 707 471 ain
735 439 787 479 tu,
817 432 1001 471 furcifer?
1030 447 1140 472 erum
1165 440 1321 473 nosmet
1348 432 1511 483 fugitare

1344 499 1512 537 censes?

177 561 189 601 i
209 562 394 601 nunciam
415 564 467 602 ad
488 577 609 610 erum,
634 577 714 614 quo
735 577 866 610 uocas,
890 563 967 601 iam
989 565 1143 603 dudum
1165 577 1245 615 quo
1265 564 1440 603 uolebas.

177 629 262 666 ΜΕ.
294 641 400 667 nunc
435 629 629 667 demum?
677 636 809 667 tamen
844 642 1061 679 numquam
1097 629 1191 667 hinc
1230 631 1328 668 feres
1362 628 1511 679 argenti
1530 637 1571 666 80

1065 707 1285 741 nummum,
1309 692 1422 747 ni[si]
1448 707 1511 732 me

177 758 270 796 dare
291 756 444 796 iusserit
467 759 746 796 Demaenetus.
808 759 878 795 LE.
912 757 965 796 ita
985 757 1114 805 facito,
1133 771 1204 807 age
1224 758 1384 796 ambula
1405 771 1507 808 ergo.

177 830 218 861 tu
239 822 520 862 contumeliam
541 822 651 861 alteri
673 822 803 869 facias,
827 822 897 861 tibi
919 837 999 861 non
1020 823 1203 862 dicatur?

90 899 160 934 490
177 895 256 926 tam
286 901 360 939 ego
389 889 511 927 homo
541 902 628 927 sum
658 902 777 939 quam
809 896 861 927 tu.
932 890 1014 927 ME.
1049 888 1206 928 scilicet.
1266 889 1319 927 ita
1348 903 1408 928 res
1438 896 1506 928 est.

1021 956 1091 992 LE.
1125 968 1288 1005 sequere
1309 956 1383 993 hac
1403 968 1505 1005 ergo.

175 1018 396 1071 praefiscini
418 1019 494 1058 hoc
516 1032 622 1058 nunc
643 1018 807 1058 dixerim
825 1035 832 1058 :
863 1033 981 1058 nemo
1003 1019 1120 1058 etiam
1143 1034 1206 1059 me
1226 1020 1427 1059 accusauit

176 1084 315 1124 merito
336 1098 436 1131 meo,
460 1083 589 1134 neque
611 1098 674 1122 me
695 1084 864 1123 Athenis
884 1086 981 1123 alter
1001 1092 1059 1123 est
1080 1085 1200 1124 hodie
1221 1078 1430 1136 quisquam
1527 1091 1568 1131 85

175 1150 269 1201 quoi
291 1150 396 1189 credi
414 1158 518 1188 recte
534 1164 661 1200 aeque
677 1157 827 1200 putent.
870 1152 953 1188 ΜΕ.
977 1150 1160 1189 fortassis.
1202 1152 1272 1190 sed
1294 1159 1426 1190 tamen
1444 1165 1508 1189 me

176 1229 393 1266 numquam
407 1215 528 1254 hodie
545 1215 708 1254 induces
725 1223 768 1254 ut
784 1214 854 1253 tibi
870 1216 1028 1254 credam
1046 1217 1122 1254 hoc
1138 1223 1342 1265 argentum
1359 1216 1505 1266 ignoto.

88 1290 154 1326 495
175 1283 291 1332 lupus
307 1289 365 1320 est
381 1282 503 1320 homo
519 1280 682 1328 homini,
698 1294 779 1319 non
797 1282 929 1328 homo,
945 1295 1066 1331 quom
1082 1282 1207 1332 qualis
1225 1281 1272 1320 sit
1289 1296 1368 1320 non
1383 1282 1504 1321 nouit.

176 1347 247 1386 LE.
279 1346 357 1386 iam
378 1360 485 1385 nunc
505 1347 682 1385 secunda
703 1345 799 1384 mihi
820 1346 925 1385 facis.
985 1346 1135 1385 scibam
1157 1346 1248 1385 huic
1276 1354 1313 1386 te
1334 1347 1507 1397 capitulo

1387 1412 1506 1451 hodie

175 1478 368 1516 facturum
390 1476 473 1516 sati'
494 1491 565 1528 pro
586 1476 726 1515 iniuria
741 1491 750 1524 3
779 1490 1020 1527 quamquam
1042 1491 1115 1528 ego
1136 1491 1223 1516 sum
1244 1477 1478 1524 sordidatus,
1524 1489 1566 1520 90

175 1542 273 1593 frugi
294 1550 426 1581 tamen
447 1556 545 1589 sum,
570 1555 643 1581 nec
665 1550 794 1592 potest
814 1542 1013 1592 peculium
1034 1543 1264 1582 enumerari.

177 1609 261 1647 ME.
293 1609 466 1647 fortasse.
536 1609 606 1646 LE.
639 1607 756 1647 etiam
789 1605 912 1660 [nunc
941 1605 1049 1660 dico]
1083 1608 1322 1659 Periphanes
1360 1610 1508 1648 Rhodo

1183 1682 1375 1712 mercator
1395 1674 1507 1713 diues

91 1749 160 1786 500
176 1746 340 1790 apsente
361 1752 428 1778 ero
448 1740 554 1778 solus
575 1738 672 1777 mihi
693 1740 885 1777 talentum
906 1738 1054 1788 argenti
1076 1738 1148 1778 soli

176 1803 451 1843 adnumerauit
472 1811 509 1843 et
530 1803 697 1843 credidit
717 1803 824 1851 mihi,
848 1817 978 1854 neque
998 1805 1205 1855 deceptust
1226 1804 1265 1843 in
1286 1819 1344 1844 eo.

177 1870 262 1908 ME.
293 1870 466 1908 fortasse.
528 1871 598 1907 LE.
630 1876 749 1919 atque
780 1868 898 1908 etiam
935 1877 976 1907 tu
1008 1882 1169 1920 quoque
1208 1869 1300 1920 ipse,
1339 1870 1369 1908 si
1401 1884 1505 1909 esses
1525 1885 1566 1917 95

1254 1944 1506 1986 percontatus

177 2012 241 2039 me
263 2013 310 2039 ex
338 1999 434 2048 aliis,
458 1999 539 2039 scio
569 2001 635 2051 pol
665 2000 844 2039 crederes
872 2013 979 2039 nunc
1009 2002 1119 2051 quod
1150 2002 1234 2039 fers.
1314 2003 1397 2040 ME.
1430 2004 1507 2040 hau

1247 2067 1509 2117 negassim.—-

221 2165 285 2204 482
309 2166 352 2197 de
381 2166 487 2203 nobis,
519 2165 695 2205 carnusex,
726 2165 824 2196 detur
852 2165 1077 2205 supplicium?
1110 2166 1212 2197 Bothe
1298 2167 1380 2206 sort,
1411 2167 1510 2197 datur

178 2208 242 2248 483
266 2209 453 2240 maledictis
474 2208 539 2239 cod.
718 2210 790 2248 484,
815 2210 879 2247 485
903 2209 1041 2240 furcifer
1064 2213 1158 2240 ersim
1182 2212 1215 2240 r'n
1229 2211 1301 2249 fine
1321 2209 1514 2241 hemistichii

178 2252 235 2282 vix
240 2252 415 2291 serendum
550 2252 631 2291 fort.
651 2251 772 2283 delend.
791 2262 885 2283 erum
908 2253 968 2292 (iv.
993 2254 1030 2294 3)
1166 2253 1314 2295 nosmet]
1344 2265 1406 2285 nos
1431 2255 1505 2285 Ital.

179 2296 244 2333 486
267 2297 297 2327 ei
315 2295 372 2326 cod
492 2306 553 2335 491
581 2296 749 2335 preficisci
768 2297 801 2326 ni
820 2295 885 2326 cod.
906 2297 940 2336 (i.
958 2296 994 2337 8)
1107 2308 1171 2336 492
1196 2298 1245 2327 vel
1260 2299 1337 2328 med
1423 2298 1510 2328 alter

179 2343 230 2369 est
246 2338 393 2370 Athenis
409 2339 549 2379 Bentley,
570 2339 722 2379 rhythmo
738 2341 905 2370 consulens
1029 2350 1094 2378 499
1119 2352 1207 2371 nunc
1226 2341 1303 2372 dico
1320 2341 1435 2373 seclusi
1450 2343 1506 2381 [iv.

182 2382 214 2422 1)
232 2393 239 2412 z
263 2383 341 2413 dico
357 2383 425 2414 secl.
444 2382 547 2413 Bothe
657 2393 718 2422 501
746 2383 825 2413 mihi
844 2383 988 2414 credidit
1006 2383 1069 2413 codv
1085 2395 1091 2415 :
1120 2395 1197 2415 corr.
1210 2385 1383 2416 Fleckeisen
1453 2386 1509 2416 de-

179 2465 297 2500 eeptus
312 2459 377 2490 cod.
512 2469 576 2499 503
600 2435 679 2499 quc'id
695 2459 763 2491 cod.
782 2460 865 2499 (quo
882 2461 914 2490 id
931 2457 1027 2500 BD2,
1046 2462 1127 2500 quid
1145 2462 1178 2492 hi
1196 2460 1263 2503 D1)
