1727 2702
79 126 155 164 III.
178 126 208 162 ii
595 125 641 163 T.
675 124 857 164 MACCI
889 124 1093 162 PLAVTI

181 237 280 275 Evc.
312 235 405 286 quia
418 237 586 274 cultrum
609 235 743 274 habes.
803 235 876 275 Co.
909 247 1083 285 coquom
1102 235 1228 274 decet.
1289 237 1386 273 Evc.
1418 234 1515 285 quid

1239 301 1514 340 comminatu's

181 367 306 405 mihi?
363 368 435 405 Co.
469 366 569 404 istuc
591 367 692 404 male
713 366 858 404 facturn
880 364 1056 413 arbitror,
1078 364 1171 416 quia
1191 379 1272 405 non
1292 367 1384 405 latu'
1404 365 1498 405 fodi.

140 445 157 476 5
183 433 280 470 Evc.
313 433 435 470 homo
457 432 603 469 nullust
624 438 662 470 te
682 430 883 470 scelestior
903 430 970 480 qui
990 430 1100 469 uiuat
1120 430 1252 478 hodie,

180 510 309 548 neque
330 496 424 547 quoi
445 496 518 547 ego
534 497 585 535 de
601 495 792 535 industria
811 495 980 546 amplius
997 497 1099 534 male
1119 497 1206 546 plus
1222 495 1362 534 lubens
1383 494 1512 534 faxim.
1533 506 1604 540 420

181 563 253 601 Co.
286 563 352 612 pol
373 562 446 600 etsi
467 569 608 608 taceas,
633 563 762 612 palam
784 561 824 600 id
845 560 1007 611 quidem
1029 568 1111 600 est:
1141 574 1201 599 res
1222 560 1306 611 ipsa
1324 568 1460 600 testest
1476 575 1486 609 ;

180 626 233 665 ita
253 626 422 665 fustibus
443 639 530 665 sum
553 625 708 664 mollior
728 626 841 677 magi’
862 639 981 676 quam
1003 627 1096 664 ullu’
1116 625 1317 665 cinaedus.

181 693 251 731 sed
272 692 368 742 quid
389 691 460 730 tibi
482 704 554 729 nos
576 691 744 738 tactiost‚
767 690 951 730 mendice
971 692 1124 729 homo?
1180 691 1278 729 Evc.
1310 703 1412 741 quae
1432 692 1518 730 res?

126 772 163 795 10
181 757 299 795 etiam
320 757 494 807 rogitas?
521 770 572 795 an
593 756 686 806 quia
706 756 836 795 minus
856 769 976 807 quam
1003 755 1008 808 Ι
1033 769 1203 806 aequom
1225 762 1305 794 erat
1325 754 1399 794 feci
1412 757 1430 793 ?

182 823 254 861 Co
287 821 382 869 sine,
400 829 439 860 at
460 823 590 860 hercle
610 835 702 860 cum
724 834 867 872 magno
851 822 988 893 {nelo
1008 829 1088 868 tuo,
1106 820 1137 859 si
1159 820 1235 860 hoc
1251 827 1368 871 caput
1385 819 1512 859 sentit.
1534 830 1601 867 425

182 889 279 926 Evc
310 889 376 938 pol
391 899 464 937 ego
477 888 555 925 hau
570 886 652 925 scio
668 886 764 937 quid
773 895 862 937 post
851 869 974 924 suat:
993 894 1103 925 tuom
1119 889 1225 925 nunc
1245 893 1364 936 caput
1384 885 1513 925 sentit.

180 952 280 991 secl
271 966 311 990 m
330 952 496 991 aedibus
518 952 614 1002 quid
636 951 706 990 tibi
727 951 825 990 meis
845 965 937 990 narn
958 959 1039 990 erat
1059 951 1192 1002 negoti

181 1031 244 1056 me
263 1025 437 1068 apsente,
462 1017 535 1055 nisi
557 1030 630 1067 ego
651 1017 870 1056 iusseram?
898 1019 992 1055 uolo
1012 1017 1119 1056 scire.
1180 1017 1252 1057 Co.
1285 1024 1372 1056 tace
1391 1030 1494 1067 ergo.

123 1095 160 1127 15
180 1083 271 1133 quia
286 1083 458 1121 uenimu’
472 1089 630 1121 coctum
644 1083 695 1121 ad
709 1081 876 1133 nuptias.
928 1083 1024 1121 Evc.
1048 1081 1144 1132 quid
1158 1089 1211 1129 tu,
1227 1083 1386 1129 malum,
1402 1084 1515 1120 curas

180 1157 310 1186 utrum
331 1148 496 1186 crudum
518 1160 567 1185 an
589 1154 748 1185 coctum
769 1148 842 1197 ego
863 1148 979 1193 edim,
1003 1146 1077 1185 nisi
1098 1154 1140 1185 tu
1162 1146 1214 1185 mi
1235 1160 1276 1185 es
1296 1149 1430 1186 tutor?
1534 1157 1604 1192 430

181 1213 253 1253 Co.
288 1214 380 1251 uolo
401 1212 510 1260 scire,
533 1213 637 1251 sinas
657 1226 707 1251 an
729 1225 809 1250 non
831 1212 935 1250 sinas
957 1225 1029 1251 nos
1049 1224 1219 1262 coquere
1240 1212 1304 1250 hic
1324 1213 1494 1250 cenam?

183 1279 280 1316 Evc.
313 1279 406 1315 uolo
427 1277 525 1315 scire
546 1290 620 1327 ego
641 1277 748 1324 item,
771 1290 881 1315 meae
901 1276 1011 1316 domi
1033 1290 1147 1316 mean
1169 1277 1277 1315 salua
1297 1278 1454 1315 futura?

184 1344 255 1382 Co.
279 1342 429 1381 utinam
446 1355 533 1381 mea
549 1342 644 1380 mihi
663 1343 784 1380 modo
800 1343 984 1389 auferam,
1004 1355 1105 1392 quae
1120 1343 1171 1380 ad
1192 1340 1267 1394 (te)
1289 1341 1373 1388 tuli,
1387 1342 1511 1380 salua:

124 1423 163 1445 20
183 1421 246 1446 me
263 1409 339 1445 hau
358 1407 541 1457 paenitet,
559 1415 626 1445 tua
641 1420 692 1445 ne
708 1415 900 1457 expetam.
962 1408 1059 1445 Evc.
1093 1406 1188 1454 scio,
1203 1420 1252 1445 ne
1273 1408 1386 1453 doce,
1404 1406 1510 1445 noui.

182 1473 254 1511 Co.
271 1472 367 1522 quid
381 1479 438 1511 est
452 1473 531 1522 qua
543 1471 730 1523 prohibes
744 1485 850 1510 nunc
862 1471 984 1522 gratia
997 1485 1070 1510 nos
1086 1485 1256 1522 coquere
1270 1472 1334 1510 hic
1348 1473 1513 1510 cenam?
1530 1479 1598 1516 435

180 1537 276 1587 quid
299 1537 474 1584 fecimus,
497 1536 594 1587 quid
615 1537 786 1575 diximus
807 1536 877 1575 tibi
899 1538 1003 1575 secu'
1025 1550 1144 1587 quam
1167 1538 1320 1576 uelles?

182 1604 278 1641 Evc.
311 1602 428 1641 etiam
450 1602 603 1653 rogitas,
627 1603 791 1641 sceleste
812 1603 944 1648 homo,
967 1601 1033 1652 qui
1061 1601 1065 1653 Ι
1091 1601 1405 1653 εηςιῦοςφηπιίε

180 1681 355 1706 mearum
375 1667 534 1706 aedium
556 1675 594 1706 et
615 1667 865 1706 conclauium
887 1666 981 1705 mihi
1004 1667 1183 1718 peruium
1206 1667 1360 1706 sticitis?

122 1749 160 1781 ²5
179 1732 231 1770 ibi
254 1732 321 1771 ubi
343 1732 413 1771 tibi
435 1740 515 1770 crat
536 1732 750 1782 negotium,
772 1733 823 1771 ad
845 1733 976 1771 focum
1000 1732 1029 1771 si
1051 1734 1222 1780 adesses,

179 1811 256 1836 non
279 1797 395 1836 fissile
415 1799 585 1836 auferres
606 1805 747 1848 caput:
779 1797 917 1836 merito
939 1797 978 1836 id
1000 1797 1068 1836 tibi
1092 1799 1237 1836 factum
1259 1805 1328 1836 est.
1530 1809 1600 1843 440

219 1911 285 1939 420
298 1901 380 1940 fort.
399 1900 517 1932 dcleml.
537 1901 681 1940 amplius
701 1902 775 1940 (seq.
798 1901 883 1932 male
902 1902 977 1941 plus
993 1912 999 1940 ;
1025 1902 1065 1933 iv.
1080 1902 1128 1941 3),
1141 1913 1223 1932 nam
1240 1902 1353 1942 qu(oi)
1372 1902 1512 1942 displicet

176 1955 238 1983 422
264 1945 369 1983 magis
386 1943 473 1974 rodd.
502 1944 664 1984 Nom'i5:
689 1945 792 1976 miser
810 1946 917 1985 magis
935 1945 1000 1976 cod.
1024 1946 1142 1986 (miser
1166 1957 1205 1976 et·
1227 1945 1413 1986 compendii>
1434 1947 1509 1977 scri—

172 1992 289 2029 pturae
306 1988 411 2026 magis
428 1991 540 2018 ortum
557 1991 621 2026 est;
648 1988 688 2019 iv.
711 1990 748 2027 35
853 1999 918 2028 423
944 1999 1005 2020 nos
1025 2000 1065 2020 m.
1088 1990 1117 2020 h.
1132 1989 1232 2020 tactio
1249 1994 1300 2020 est
1317 1989 1410 2020 cod..
1435 1990 1507 2021 trau.

177 2032 353 2062 Hermann
421 2042 483 2070 424
503 2038 596 2062 creat
608 2031 672 2062 cod.
744 2043 775 2072 q.
791 2037 863 2063 erat
881 2043 1023 2072 aequom
1043 2032 1122 2063 Reiz
1135 2043 1265 2072 :quam
1277 2032 1376 2076 (me)
1388 2044 1461 2073 aeq.
1478 2044 1507 2064 e.

176 2075 311 2115 Stjvffiv!
332 2076 383 2114 ¹‘cs
404 2075 494 2115 Cape.
519 2076 600 2114 9955
775 2087 839 2116 425
866 2087 989 2116 magno
1014 2075 1101 2106 malo
1127 2081 1184 2106 tuo
1201 2076 1316 2107 Hare:
1340 2078 1427 2107 malo
1451 2083 1509 2108 tuo

177 2130 298 2157 magno
315 2118 380 2149 cad.
490 2120 554 2157 426
580 2120 635 2150 fiat
653 2118 718 2150 cod.
741 2123 786 2158 (v.
810 2121 843 2158 7)
953 2130 1018 2159 429
1043 2119 1121 2150 ueni
1140 2121 1203 2150 huc
1220 2119 1405 2155 Fleckeisen
1427 2130 1509 2151 nam

179 2164 331 2192 uenimus
343 2166 472 2193 coctum
484 2162 623 2203 displicet
753 2173 819 2202 430
843 2174 907 2201 ego
930 2169 1059 2194 coctum
1082 2162 1221 2203 Pylades
1298 2163 1381 2205 sort.
1399 2169 1507 2194 utrum

179 2216 243 2244 ego
260 2207 445 2237 crudumne
534 2206 584 2237 vel
598 2207 676 2237 mihi
823 2217 886 2246 432
913 2207 1027 2238 itidem
1048 2206 1144 2237 Goetz
1232 2217 1304 2238 mea
1315 2206 1379 2238 cod.
1400 2219 1407 2238 τ
1430 2217 1506 2237 corr.

181 2249 407 2285 Camerariuae
431 2251 467 2287 (fi
491 2250 576 2280 Brix
595 2256 646 2291 ap.
669 2249 894 2290 Niemeycrum
914 2250 1011 2281 Semi.
1038 2250 1088 2282 Pl.
1117 2261 1154 2290 13
1285 2260 1349 2290 433
1373 2256 1406 2282 te
1429 2249 1505 2281 add.

179 2292 413 2325 Stuclcmnnd:
439 2294 609 2324 attulimus
625 2293 708 2323 Bm'x
850 2304 913 2333 435
939 2294 1119 2334 prohibeas
1135 2293 1199 2325 cod.
1217 2294 1254 2333 (i.
1268 2295 1304 2332 9)
1447 2294 1511 2333 436

180 2336 274 2375 sequi
294 2348 432 2376 usquam
446 2337 510 2367 cod.
531 2341 611 2367 (mm
630 2337 692 2377 ΡΙ)
713 2337 809 2376 (ἳρνο
831 2347 931 2376 §equs
947 2339 1065 2377 quam)
1177 2347 1238 2376 ⁴37
1262 2337 1365 2376 quine
1382 2348 1409 2368 a.
1427 2337 1509 2367 llrr-

182 2391 286 2410 mann
304 2393 309 2410 :
333 2381 388 2420 qui
407 2393 434 2411 a.
458 2381 488 2410 in
508 2379 574 2411 Leo
677 2390 742 2419 439
767 2381 808 2410 ibi
832 2379 988 2410 Gm'clns:
1015 2381 1046 2410 id
1064 2379 1128 2411 cod.
1149 2380 1196 2417 (D
1210 2385 1270 2420 pro
1289 2379 1335 2411 Bi
1447 2391 1511 2418 440

180 2423 332 2454 auferres
352 2423 469 2455 Goete:
495 2425 636 2454 haberes
653 2424 716 2454 cod.
736 2436 741 2454 τ
758 2423 836 2461 sort.
857 2425 1023 2454 aueheres
