1727 2702
176 71 280 109 11.11
663 71 710 110 T.
744 71 923 111 MACCI
956 71 1158 110 PLAVTI

250 182 317 220 ΕΡ.
349 188 468 232 atque
487 182 537 220 ad
557 194 643 220 earn
665 194 744 220 rem
761 180 1023 220 conducibile.
1074 183 1145 220 ΑΡ.
1177 180 1273 232 quid
1294 180 1393 220 istuc
1413 179 1571 220 dubitas
1589 180 1657 218 260
1676 174 1706 230 ζ,

1411 245 1542 285 dicere
1555 247 1572 285 ?
1678 234 1705 262 ”’

181 318 225 350 80
248 315 315 352 ΕΡ.
348 325 419 351 uos
440 311 586 363 priores
605 325 690 351 esse
711 319 878 363 oportet,
899 325 970 350 nos
992 311 1183 362 posterius
1203 311 1345 358 dicere,
1645 342 1648 344 -

244 378 310 428 qui
327 379 414 429 plus
427 377 572 428 sapitis.
615 379 682 415 PE.
706 376 793 416 heia
810 380 920 416 uero!
949 390 1020 426 age
1036 377 1133 416 dice.
1178 379 1248 416 ΕΡ.
1269 384 1307 415 at
1328 375 1567 416 deridebitis.

243 446 315 482 ΑΡ.
347 456 427 482 non
448 443 590 493 edepol
611 441 809 481 faciemus.
870 444 939 480 ΕΡ.
972 442 1094 481 immo
1115 442 1145 480 si
1167 442 1336 493 placebit
1357 441 1485 489 utitor,
1686 485 1690 492 ⁴

242 508 450 547 consilium
471 507 502 546 si
524 520 603 546 non
624 507 805 557 placebit,
828 506 1036 557 reperitote
1057 507 1209 546 rectius.
1675 511 1698 550 ῒς

243 573 337 611 mihi
360 572 446 611 istic
465 585 538 611 nec
559 571 696 610 seritur
717 585 788 610 nec
811 571 978 620 metitur,
1002 571 1075 610 nisi
1096 585 1142 611 ea
1162 585 1263 622 quae
1283 579 1325 610 tu
1346 571 1405 610 uis
1425 572 1528 610 uolo.
1587 569 1653 616 265
1673 575 1697 619 (³-

181 645 220 684 85
244 641 311 676 PE.
342 637 504 688 gratiam
526 637 654 676 habeo
670 652 679 684 3
708 638 768 676 fac
789 636 996 687 participes
1018 650 1090 676 nos
1111 645 1201 676 tuae
1221 637 1445 688 sapientiae.
1676 624 1683 687 ἶ

243 705 312 741 ΕΡ.
344 702 534 741 continuo
553 702 760 740 arbitretur
779 715 875 741 uxor
896 710 964 741 tuo
983 710 1103 752 gnato
1123 710 1241 753 atque
1261 710 1303 742 ut
1323 702 1523 741 fidicinam
1677 718 1682 742 A

242 769 346 807 illam
367 781 486 818 quarn
508 767 539 806 is
560 769 642 806 uolt
663 767 836 815 liberare,
859 781 961 818 quae
981 767 1090 807 illurn
1111 768 1325 818 corrumpit
1346 767 1428 815 tibi,
1679 758 1681 769 ¹

240 834 427 872 ulciscare
447 841 566 883 atque
586 833 639 871 ita
659 840 824 880 curetur,
847 846 972 883 usque
991 834 1043 872 ad
1064 841 1230 872 mortem
1251 841 1293 872 ut
1314 833 1467 872 seruiat.
1669 848 1680 883 ρ

241 901 312 938 ΑΡ.
345 898 426 937 fieri
461 905 625 949 oportet.
695 900 762 936 PE.
795 899 921 938 facere
954 898 1072 949 cupio
1105 897 1264 949 quiduis
1297 899 1393 937 dum
1427 897 1467 937 id
1502 898 1568 936 fiat
1587 894 1678 946 2705v

1184 965 1316 1002 modo.
1376 964 1445 1002 ΕΡ.
1478 976 1540 1002 em
1561 966 1568 1002 ἔ

179 1044 221 1077 90
240 1042 346 1067 nunc
366 1027 559 1068 occasiost
580 1027 765 1075 faciundi,
787 1027 884 1078 priu'
904 1041 1022 1079 quarn
1043 1028 1082 1066 in
1105 1029 1242 1067 urbem
1262 1027 1478 1075 aduenerit,

239 1094 339 1132 sicut
377 1106 461 1132 cras
500 1093 562 1132 hie
600 1093 736 1140 aderit,
776 1093 896 1132 hodie
934 1106 1014 1132 non
1057 1093 1176 1132 uenit.
1246 1095 1313 1131 PE.
1355 1093 1422 1144 qui
1465 1092 1570 1132 scis?

1370 1160 1440 1196 ΕΡ.
1473 1158 1567 1198 scio.

237 1224 330 1274 quia
350 1223 446 1262 mihi
465 1223 563 1262 alius
584 1223 680 1262 dixit
700 1223 766 1274 qui
788 1223 895 1262 illinc
915 1222 1023 1262 uenit
1045 1236 1159 1262 mane
1180 1223 1244 1262 hic
1263 1224 1408 1262 adfore.

240 1291 307 1327 PE.
339 1289 435 1340 quin
462 1296 503 1327 tu
528 1289 723 1339 eloquere,
753 1288 849 1339 quid
875 1288 1093 1328 faciemus?
1150 1289 1219 1327 ΕΡ.
1252 1289 1307 1327 sic
1337 1288 1565 1328 faciundum

1408 1367 1563 1402 censeo,

239 1420 350 1470 quasi
370 1427 411 1458 tu
432 1419 567 1470 cupias
588 1419 750 1458 liberare
772 1419 970 1458 fidicinam
991 1419 1111 1458 animi
1132 1419 1252 1469 gratia
1583 1428 1649 1467 275

179 1500 219 1531 95
239 1485 430 1535 quasique
463 1498 571 1523 ames
606 1485 861 1523 uehementer
896 1493 936 1523 tu
971 1485 1087 1523 illam.
1148 1487 1218 1522 PE.
1247 1485 1366 1536 quam
1399 1486 1449 1524 ad
1484 1499 1565 1524 rem

1004 1549 1103 1588 istuc
1124 1551 1267 1588 refert?
1325 1552 1393 1589 ΕΡ.
1426 1552 1567 1601 rogas?

237 1623 278 1654 ut
299 1616 404 1655 enim
425 1615 638 1666 praestines
658 1623 830 1666 argento,
854 1615 949 1666 priu'
971 1628 1089 1665 quarn
1110 1615 1241 1654 ueniat
1262 1615 1374 1662 filius,

236 1689 354 1731 atque
375 1688 416 1719 ut
437 1693 523 1719 eam
545 1688 583 1719 te
604 1680 642 1718 in
664 1680 883 1719 libertatem
905 1680 1012 1719 dicas
1033 1682 1288 1720 emere-PE.
1321 1681 1516 1732 intellego.

238 1747 307 1783 ΕΡ.
340 1745 406 1784 ubi
423 1745 493 1783 erit
507 1753 650 1796 empta,
667 1753 709 1784 ut
721 1745 854 1796 aliquo
868 1759 914 1784 ex
927 1745 1023 1784 urbe
1036 1746 1222 1784 Amoueas
1237 1761 1246 1793 ;
1263 1746 1335 1784 nisi
1350 1746 1446 1796 quid
1460 1754 1562 1785 tuast

235 1811 339 1848 secu'
373 1810 575 1849 sententia.
643 1812 710 1848 PE.
747 1810 870 1850 immo
899 1811 1015 1850 docte
1035 1814 1041 1849 1
1101 1812 1170 1849 ΕΡ.
1207 1811 1302 1862 quid
1337 1819 1377 1850 tu
1415 1820 1559 1859 autem,
1581 1818 1650 1853 280
1690 1830 1691 1833 ¹

1312 1877 1564 1927 Apoecides?

158 1957 217 1979 100
237 1943 308 1979 ΑΡ.
341 1941 436 1991 quid
457 1954 530 1992 ego
546 1942 621 1980 iam
640 1943 711 1981 nisi
734 1951 771 1982 te
787 1951 1056 1982 commentum
1074 1943 1190 1982 nimis
1209 1951 1335 1981 astute
1351 1942 1564 1992 intellego?

239 2007 308 2044 ΕΡ.
338 2006 414 2044 iam
437 2007 550 2057 igitur
570 2017 701 2046 amota
721 2008 755 2047 ei
777 2009 889 2047 fuerit
910 2008 1039 2047 omnis
1059 2008 1295 2046 consultatio

279 2112 353 2151 263.
378 2113 439 2151 264
457 2112 506 2143 vc!
522 2113 623 2143 utitor
639 2112 825 2147 consilium.
843 2114 871 2144 si
1059 2115 1120 2153 267
1146 2117 1220 2144 ante
1241 2113 1329 2143 hunc
1350 2123 1378 2144 v.
1406 2112 1559 2143 lamnam

235 2155 316 2195 sign.
339 2153 434 2186 Goetz
567 2166 624 2195 27¹
652 2157 829 2187 aduenerit
846 2156 918 2188 Ital.
938 2168 944 2186 ε
969 2158 1105 2188 aduenit
1123 2157 1187 2188 cod.
1209 2157 1263 2198 (qs.
1285 2156 1364 2197 272)
1498 2167 1560 2196 272

236 2199 329 2229 uenit
348 2198 504 2230 Redslob:
533 2200 665 2230 uenerit
682 2199 747 2231 cod.
767 2201 818 2239 (tf
839 2201 918 2239 271)
1009 2210 1070 2240 273
1096 2202 1184 2231 hunc
1201 2211 1277 2231 corr.
1295 2201 1348 2231 hic
1361 2200 1425 2231 cod.
1444 2204 1480 2230 ut
1495 2199 1558 2230 m'd.

236 2253 298 2281 279
323 2248 379 2273 tua
396 2242 460 2273 cod.
483 2243 537 2283 (cs.
555 2243 634 2281 280)
754 2244 817 2274 280
841 2245 1008 2275 sententia
1027 2244 1111 2284 [est]
1130 2244 1194 2276 cod.
1218 2244 1270 2284 (cs.
1289 2244 1368 2284 279)
1461 2245 1561 2274 immo

235 2286 334 2316 docte
359 2286 413 2316 vix
427 2285 607 2325 serendum
631 2290 710 2317 essct
732 2297 833 2326 neque
854 2291 956 2318 Immo
976 2288 1080 2328 place!
1169 2293 1224 2318 tua
1251 2298 1303 2318 au.
1324 2286 1408 2318 Leo:
1449 2293 1482 2318 tu
1507 2297 1561 2317 au.

235 2328 326 2371 (ais)
338 2327 483 2366 Mueller,
507 2329 626 2369 quibus
646 2330 756 2361 hiatus
771 2335 805 2360 tu
826 2331 830 2368 Ι
851 2336 962 2362 autem
984 2330 1122 2372 displicet
1220 2332 1277 2361 28¹
1304 2332 1361 2371 qui
1383 2330 1446 2362 cod.
1466 2330 1562 2370 (quid

232 2372 274 2413 J)
410 2373 472 2404 282
490 2372 588 2404 suerit
606 2371 818 2404 Lindemann
833 2386 838 2404 :
864 2375 926 2406 erit
944 2375 1008 2405 cod.
