1727 2712
27 379 89 416 145

33 898 100 935 150

0 1224 102 1262 154-5

45 1799 114 1835 160

592 114 910 155 MERCATOR
1399 103 1430 141 I.
1450 104 1482 142 ii

161 236 240 275 CH.
272 233 332 272 sin
352 231 465 270 saluti
488 230 597 280 quod
619 227 690 266 tibi
711 240 797 266 esse
817 236 972 269 censeo,
995 220 1036 259 id
1056 216 1315 258 consuadeo?

161 302 234 338 Ac.
252 311 375 349 apage
391 293 614 334 istiusmodi
633 294 798 331 salutem
812 286 939 342 (cum)
956 285 1129 325 cruciatu
1146 295 1247 333 quae
1261 276 1434 318 aduenit.
1457 288 1497 322 35

164 366 242 405 CH.
274 363 338 403 dic
359 361 466 408 mihi,
488 374 539 398 an
560 358 655 398 boni
677 357 773 408 quid
799 359 1004 405 usquamst
1024 350 1132 401 quod
1153 346 1362 398 quisquam
1383 341 1440 381 uti

1293 408 1441 461 possiet

165 495 249 534 sine
266 495 370 532 malo
386 491 506 538 omni,
524 498 591 529 aut
607 503 657 528 ne
673 489 848 527 laborem
865 483 996 534 capias
1013 493 1134 531 quom
1151 478 1218 516 illo
1231 475 1287 515 uti
1303 475 1413 513 uoles
1425 474 1443 510 ?

164 564 237 601 AC.
270 558 405 598 neseio
445 569 518 607 ego
557 555 677 593 istaec
701 569 708 592 ε
757 547 1026 603 philosophari
1063 555 1281 594 numquam
1319 537 1442 579 didici

637 660 647 666 ,
1196 619 1326 656 neque
1346 603 1439 643 scio.

167 703 241 741 ego
261 690 424 734 bonum,
448 688 595 725 malum
618 697 698 734 quo
719 680 883 727 accedit,
902 677 998 717 mihi
1019 675 1102 715 dari
1122 676 1200 712 hau
1221 670 1414 710 desidero.

168 756 246 795 CH.
278 755 380 792 cedo
409 760 516 790 tuam
547 749 644 788 mihi
671 749 884 792 dexteram,
903 743 1085 794 agedum,
1108 735 1317 777 Acanthio.
1368 735 1442 771 AC.
1462 741 1507 774 40

1067 818 1130 843 em
1152 801 1318 847 dabitur,
1342 806 1442 837 tene.

172 887 249 926 CH.
282 884 349 922 uin
383 891 425 921 tu
456 890 494 920 te
526 880 623 920 mihi
653 885 939 929 opsequentem
974 885 1058 912 esse
1089 883 1139 908 an
1174 866 1314 906 neuis?
1370 866 1454 901 Ac.·

1219 943 1338 982 opera
1356 928 1448 967 lieet

171 1014 345 1066 experiri,
369 1013 436 1064 qui
457 1025 520 1050 me
540 1009 627 1060 rupi
647 1020 785 1048 caussa
805 1005 999 1044 currendo
1019 1009 1096 1047 tua,

173 1089 216 1120 ut
236 1094 337 1130 quae
358 1078 497 1117 scirem
518 1076 615 1115 scire
636 1081 812 1113 actutum
834 1070 904 1109 tibi
924 1069 1068 1107 liceret.
1127 1065 1205 1104 CH.
1237 1061 1404 1100 liberum

176 1153 295 1196 caput
315 1143 385 1182 tibi
407 1142 547 1181 faciam
572 1156 589 1176 *
612 1151 760 1191 paucos
782 1135 937 1175 mensis,
996 1135 1069 1170 AC.
1101 1131 1220 1181 palpo
1240 1123 1420 1177 percutis.
1451 1133 1454 1136 ·

179 1212 258 1251 CH.
303 1222 404 1259 egon
435 1206 560 1246 ausim
589 1204 660 1243 tibi
690 1214 858 1252 usquam
887 1198 1101 1249 quicquam
1130 1192 1282 1232 facinus
1310 1191 1453 1228 falsum
1471 1195 1512 1228 45

1242 1254 1455 1307 proloqui?

176 1341 272 1394 quin
300 1340 377 1379 iam
408 1338 504 1390 priu’
531 1349 651 1387 quam
679 1347 765 1372 sum
788 1334 976 1376 elocutus,
1000 1327 1075 1366 scis
1096 1324 1151 1364 sei
1173 1321 1327 1362 mentiri
1347 1321 1451 1358 uolo.

1272 1388 1345 1425 Ac.
1377 1385 1456 1423 ah!

178 1470 452 1510 lassitudinem
472 1468 604 1506 hercle
624 1465 746 1504 uerba
766 1471 833 1501 tua
853 1460 949 1499 mihi
969 1459 1134 1504 addunt,
1157 1453 1299 1493 enicas.

174 1534 254 1573 CH.
285 1530 407 1569 sicine
428 1527 481 1565 mi
503 1538 728 1577 opsequens
749 1526 820 1562 es?
861 1524 933 1560 Ac.
961 1519 1058 1570 quid
1078 1517 1137 1556 uis
1159 1515 1330 1554 faciam?
1370 1511 1451 1553 CH.

1026 1584 1125 1621 tun?
1155 1581 1195 1619 id
1216 1580 1325 1631 quod
1346 1579 1451 1617 uolo.

178 1666 250 1702 Ac.
283 1661 379 1712 quid
398 1658 474 1711 <id>
494 1664 552 1696 est
574 1656 687 1705 igitur
703 1653 812 1703 quod
833 1651 922 1690 uis?
963 1650 1041 1689 CH.
1068 1647 1208 1686 dicam.
1255 1647 1327 1682 Ac.
1354 1642 1454 1681 dice.

879 1716 957 1755 CH.
989 1722 1028 1752 at
1049 1712 1153 1750 enim
1175 1709 1329 1761 placide
1350 1709 1453 1746 uolo.

179 1796 253 1832 AC.
285 1788 517 1830 dormientis
538 1792 776 1836 spectatores
798 1781 939 1819 metuis
961 1792 1010 1816 ne
1032 1792 1077 1816 ex
1099 1789 1239 1815 somno
1260 1773 1436 1812 excites?
1476 1785 1523 1820 50
1538 1784 1554 1795 s

181 1860 261 1897 CH.
291 1869 364 1895 uae
385 1854 479 1892 tibi!
538 1854 610 1890 Ac.
644 1849 714 1888 tibi
740 1847 926 1898 equidem
950 1858 973 1883 a
993 1851 1108 1894 portu
1134 1842 1301 1891 adporto
1326 1840 1455 1877 hoc—

901 1911 978 1950 CH.
1011 1907 1108 1958 quid
1129 1907 1233 1945 fers?
1262 1904 1327 1943 dic
1348 1902 1459 1941 mihi.

183 1990 255 2027 Ac.
287 1986 381 2031 uim,
415 1991 576 2028 metum,
614 1979 840 2024 cruciatum,
875 1987 1020 2021 euram,
1057 1971 1306 2022 iurgiumque
1340 1976 1460 2019 atque

1272 2033 1458 2084 inopiam.

180 2171 240 2199 144
265 2169 339 2190 eum
355 2157 430 2198 (per
450 2153 614 2196 compend.
641 2155 657 2184 ἓ
680 2151 802 2191 script.)
828 2147 904 2180 add.
924 2145 1062 2187 Pylades
1208 2152 1270 2180 149
1294 2139 1462 2179 agendum

133 2204 200 2236 cod.
220 2204 271 2245 (cs.
296 2202 371 2241 112)
462 2200 511 2230 vel
526 2209 599 2228 eme
709 2205 768 2234 150
791 2194 1038 2232 obsequentem
1057 2199 1133 2219 esse
1149 2185 1316 2226 Scaliger:
1343 2183 1462 2213 obesse

134 2252 332 2287 sequentem
350 2243 417 2275 cod.
535 2252 592 2281 151
618 2238 692 2280 qui]
710 2248 809 2278 quam
822 2237 853 2267 Β
869 2237 943 2277 (pro
959 2244 1048 2273 qum,
1070 2234 1088 2263 ι’.
1101 2243 1125 2262 e.
1143 2240 1244 2270 quom
1256 2229 1281 2269 ἵ)
1403 2235 1462 2264 153

134 2292 155 2322 f.
169 2288 264 2332 (cis)
281 2287 470 2318 Acidalius:
497 2286 516 2316 s.
535 2283 659 2327 (ante)
677 2280 953 2313 M11eller(Rhein.
971 2277 1059 2307 Mus.
1077 2285 1128 2314 54,
1148 2274 1228 2313 394)
1317 2269 1463 2310 percutit

135 2333 224 2365 codd.
246 2332 351 2363 Nonii
367 2332 427 2369 163
446 2329 629 2370 (neglegens
644 2326 761 2361 matio)
870 2324 931 2361 156
956 2322 1021 2351 scis
1039 2320 1065 2350 si
1084 2316 1296 2349 Camerarius
1313 2327 1318 2345 :
1343 2314 1464 2345 scisset

137 2379 257 2418 (scisse
275 2375 367 2407 PCD‘J
386 2373 451 2405 cod.
600 2381 660 2410 159
684 2370 716 2400 id
733 2367 809 2399 add.
828 2365 966 2406 Pylades
