1727 2702
111 113 189 152 111.
212 113 256 150 iii
621 113 667 151 T.
702 112 882 152 MACCI
918 113 1118 151 PLAVTI

169 237 187 267 5
210 225 283 261 PH.
315 223 500 261 acerbum
523 224 639 261 sunus
660 221 762 260 filiae
783 221 908 268 faciet,
931 221 960 260 si
983 229 1021 260 te
1041 223 1254 261 carendum
1275 230 1344 261 est.
1554 236 1620 275 593

208 289 268 327 L1.
301 289 422 327 homo
457 289 586 326 hercle
625 287 717 326 hinc
755 288 951 326 exclusust
990 288 1101 326 foras.
1174 289 1242 326 LE.
1276 287 1329 326 ita
1366 301 1426 326 res
1463 295 1532 326 est.

1106 354 1211 392 ARG.
1244 353 1354 392 mitte
1374 367 1533 403 quaeso.

208 422 282 459 PH.
315 432 395 470 quo
425 432 530 457 nunc
564 418 679 457 abis?
721 418 815 469 quin
851 425 892 456 tu
924 417 988 457 hic
1023 420 1188 457 manes?
1243 420 1347 457 ARG.
1381 431 1468 465 nox,
1504 417 1536 456 si

1207 485 1328 530 uoles,
1351 483 1532 522 manebo.

207 553 266 589 L1.
293 550 414 590 audin
436 552 542 588 hunc
558 562 676 600 opera
693 557 734 588 ut
750 551 876 599 largus
893 557 951 588 est
967 550 1182 588 nocturna?
1206 563 1311 588 nunc
1327 549 1431 588 enim
1449 562 1534 588 esse

207 616 453 667 negotiosum
477 615 666 654 interdius
686 615 870 654 uidelicet
892 617 1091 662 Solonem,

150 695 187 717 ιο
206 683 309 731 leges
331 689 372 719 ut
393 680 615 719 conscribat
636 679 780 729 quibus
801 693 841 718 se
863 681 1032 730 populus
1053 687 1194 718 teneat.
1253 682 1407 728 gerrae!
1552 679 1624 714 600

205 746 271 796 qui
293 759 378 785 sese
399 759 533 796 parere
553 752 742 795 apparent
764 743 879 782 huius
900 743 1060 794 legibus,
1085 745 1262 794 profecto

204 824 421 861 numquam
444 811 572 849 bonae
593 809 689 860 frugi
711 809 823 855 sient,
845 808 929 847 dies
950 816 1166 858 noctesque
1187 816 1334 858 potent.

206 878 275 914 LE.
308 890 357 914 ne
378 876 450 914 iste
471 877 600 914 hercle
621 875 671 913 ab
693 873 765 912 ista
785 887 864 911 non
886 874 1028 924 pedem
1051 873 1238 919 discedat,
1262 873 1291 911 si
1314 873 1472 922 licessit,

205 941 270 991 qui
293 954 399 979 nune
420 940 576 979 festinat
596 947 715 989 atque
735 939 786 976 ab
807 939 880 976 hac
901 937 1072 976 minatur
1092 951 1177 976 sese
1196 937 1314 976 abire.

149 1017 183 1049 ¹5
206 1009 264 1046 Li.
297 1006 468 1045 sermoni
491 1005 567 1044 iarn
590 1006 708 1043 finem
726 1005 809 1042 face
832 1011 910 1050 tuo,
934 1003 1050 1042 huius
1071 1017 1293 1043 sermonem
1314 1004 1517 1054 accipiam.
1551 1008 1617 1053 605

204 1074 308 1111 ARG.
342 1073 439 1110 uale.
512 1073 586 1108 ΡΗ.
618 1083 699 1120 quo
733 1071 948 1120 properas?
1003 1071 1108 1107 ARG.
1142 1069 1244 1108 bene
1279 1068 1366 1107 uale'
1386 1084 1392 1107 :
1426 1071 1533 1120 apud

1145 1134 1293 1173 Orcum
1315 1141 1352 1172 te
1373 1134 1530 1173 uidebo.

202 1217 292 1241 nam
315 1201 499 1252 equidem
523 1214 585 1239 me
607 1200 683 1238 iam
705 1207 897 1250 quantum
920 1207 1048 1250 potest
1068 1213 1091 1237 a
1112 1199 1192 1237 uita
1212 1199 1461 1238 abiudicabo.

204 1270 277 1306 PH.
311 1281 383 1317 qur
405 1274 456 1313 tu,
480 1279 656 1316 opsecro,
681 1264 863 1303 inmerito
885 1279 974 1303 meo
996 1278 1058 1303 me
1081 1264 1194 1303 morti
1216 1265 1362 1303 dedere
1387 1266 1532 1315 optas?

203 1335 306 1371 Am..
339 1345 439 1382 egon
462 1333 528 1370 te?
557 1344 675 1381 quam
698 1329 728 1368 si
750 1329 972 1380 intellegam
993 1330 1162 1368 deficere
1183 1329 1274 1376 uita,
1297 1329 1372 1368 iam
1394 1329 1477 1380 ipse

142 1413 183 1435 20
202 1398 321 1436 uitam
345 1410 472 1436 meam
495 1396 564 1434 tibi
587 1395 722 1445 largiar
743 1402 780 1433 et
801 1396 851 1433 de
873 1408 960 1433 mea
979 1395 1030 1433 ad
1051 1402 1157 1433 tuam
1178 1396 1335 1434 addam.
1548 1401 1620 1436 610

204 1465 275 1501 ΡΗ.
309 1476 380 1512 qur
401 1475 492 1512 ergo
514 1460 703 1499 minitaris
725 1459 793 1498 tibi
817 1467 853 1498 te
874 1459 995 1498 uitam
1017 1473 1102 1499 esse
1121 1460 1389 1499 amissurum?

201 1541 290 1566 nam
313 1527 409 1578 quid
432 1541 494 1565 me
515 1527 703 1564 facturam
726 1532 849 1575 putas,
874 1524 904 1563 si
926 1524 1025 1563 istuc
1046 1526 1154 1575 quod
1175 1524 1273 1564 dicis
1294 1525 1420 1564 saxis?

201 1591 330 1645 [mihi]
353 1600 501 1631 certum
523 1598 581 1629 est
602 1591 765 1629 ecficere
786 1589 825 1628 in
848 1603 910 1628 me
931 1589 1066 1628 omnia't
1086 1590 1224 1628 eadem
1247 1604 1347 1640 quae
1369 1598 1409 1629 tu
1431 1589 1469 1628 in
1492 1598 1529 1629 te

1419 1656 1524 1695 faxis.

199 1725 303 1762 ARG.
336 1724 388 1761 oh
410 1723 525 1761 melle
546 1720 651 1759 dulci
667 1719 819 1759 dulcior
839 1727 880 1758 tu
902 1733 953 1759 es.
1028 1721 1101 1758 PH.
1134 1728 1238 1760 certe
1259 1720 1362 1759 enim
1386 1728 1424 1759 tu
1447 1721 1527 1760 uita

1397 1801 1438 1825 es
1460 1786 1522 1824 mi.

139 1858 175 1888 ²5
196 1843 469 1892 complectere.
511 1843 616 1878 ARG.
644 1839 745 1878 facio
762 1840 912 1878 lubens.
956 1842 1028 1878 ΡΗ.
1057 1839 1204 1878 utinam
1223 1839 1277 1877 sic
1298 1841 1522 1878 ecferamur.
1544 1839 1611 1883 615

198 1909 267 1946 Lu.
300 1921 324 1945 o
359 1906 519 1952 Libane,
553 1905 607 1943 uti
637 1905 753 1943 miser
784 1913 842 1944 est
870 1906 992 1944 homo
1019 1904 1085 1955 qui
1113 1909 1242 1943 amat!
1312 1907 1370 1943 Li.
1404 1905 1526 1943 immo

1283 1971 1411 2008 hercle
1432 1984 1526 2009 uero

196 2038 261 2088 qui
284 2038 429 2088 pendet
452 2037 576 2074 multo
597 2043 655 2074 cst
677 2035 862 2074 miserior.
924 2037 993 2074 LE.
1035 2035 1118 2073 scio
1140 2034 1205 2085 qui
1228 2034 1414 2085 periclum
1438 2034 1521 2073 feci.

238 2151 298 2181 597
325 2152 391 2172 nox
410 2139 542 2180 Lipsius
559 2151 564 2169 ς
593 2150 668 2170 mox
687 2138 751 2170 cod.
900 2140 1009 2178 598—9
1033 2149 1108 2169 esse
1127 2138 1348 2177 Negotiosum
1368 2138 1524 2170 Mueller:

194 2190 244 2215 cst
265 2185 472 2224 N‹·gotiosus
491 2183 555 2214 rod.
572 2183 609 2221 (i.
627 2183 664 2222 9)
814 2192 877 2221 599
891 2182 972 2220 sort.
992 2183 1049 2213 int.
1073 2192 1150 2221 neg.
1172 2180 1329 2213 uidelicet
1459 2183 1525 2222 609

194 2239 257 2267 ego
274 2230 337 2259 sod.
464 2230 490 2257 si
509 2225 616 2269 (ego)
634 2225 816 2266 Fleckrr'srn,
836 2226 890 2255 cur'
905 2229 937 2255 te
950 2226 1054 2265 placet
1193 2228 1250 2256 611
1281 2225 1358 2255 milii
1379 2224 1520 2264 Lomcm,

193 2272 250 2302 scd
262 2273 297 2311 (s.
314 2272 432 2312 Jmmt.
454 2270 538 2301 I’lu'l.
560 2271 612 2306 26,
632 2280 693 2308 294
840 2270 905 2307 613
931 2269 1010 2298 mihi
1029 2268 1086 2300 dcl.
1111 2268 1316 2301 Lachmann.
1337 2268 1527 2299 Netum-ller-

192 2315 230 2345 τί(
243 2322 393 2354 pronam.
415 2326 444 2355 p.
464 2324 507 2353 50
599 2317 649 2342 est
668 2312 779 2342 [αα-Γ(-
800 2311 863 2341 Lm
1003 2314 1066 2350 614
1094 2318 1127 2342 tu
1150 2322 1187 2343 es
1208 2311 1306 2351 (tu's)
1327 2312 1522 2343 Fleckeisen:

194 2360 271 2389 mihi
300 2365 332 2388 ιιι
360 2370 398 2388 cs
418 2358 482 2388 cod.
610 2360 701 2385 certe
718 2355 775 2384 dcl.
795 2355 921 2385 Sclmrll
935 2355 994 2395 (iv.
1017 2356 1049 2396 1)
1223 2356 1289 2386 616
1312 2367 1332 2386 ο
1350 2355 1522 2398 (Libane)

195 2403 264 2434 Lib.
283 2408 315 2433 ut
336 2403 393 2442 &ita
410 2401 474 2432 cod.
513 2410 554 2430 m.
572 2400 705 2430 homost
725 2399 937 2430 Camerarius
