1727 2702
139 82 189 119 11.
213 81 287 119 viii
624 83 669 122 T.
705 84 883 124 MACCI
918 84 1119 122 PLAV'I'I

210 193 283 232 OL.
316 201 357 230 ut
379 193 446 231 tibi
470 207 542 243 ego
564 193 748 232 inuentus
769 207 854 231 sum
877 206 1102 244 opsequens
1121 196 1127 231 l
1184 192 1292 243 quod
1315 206 1496 233 maxume

208 257 404 308 cupiebas,
428 258 525 296 eiius
546 258 700 308 copiam
724 258 795 296 feci
819 257 898 296 tibi.
1557 269 1628 306 450

151 333 188 366 15
208 321 278 360 erit
300 322 418 361 hodie
440 330 568 361 tecum
591 323 700 372 quod
719 336 828 361 amas
849 324 950 361 clam
971 336 1142 361 uxorem.
1204 324 1272 360 Lv.
1305 331 1400 361 tace.

208 386 259 425 ita
282 401 343 425 me
364 387 402 425 di
427 388 527 426 bene
547 395 680 426 ament
701 395 742 426 ut
763 401 837 438 ego
858 387 922 426 uix
943 387 1111 438 reprimo
1132 387 1239 425 labra

207 452 259 490 ob
281 451 404 490 istanc
427 466 506 491 rem
528 451 623 502 quin
646 460 683 491 te
703 453 919 498 deosculer,
943 454 1126 502 uoluptas
1148 466 1244 491 mea.

209 518 285 556 CH.
319 516 425 566 quid,
449 517 707 556 deosculere?
736 531 837 567 quae
858 519 947 555 res?
977 531 1078 567 quae
1099 519 1282 567 uoluptas
1303 519 1400 556 tua?

209 583 327 620 credo
349 582 478 620 hercle
499 583 681 621 ecfodere
702 582 765 620 hic
787 583 869 620 uolt
891 581 1061 620 uesicam
1085 582 1213 621 nilico.
1559 593 1625 629 455

151 658 190 680 ²0
210 647 283 685 OL.
316 645 460 696 ecquid
489 660 597 685 amas
625 660 730 685 nunc
757 648 848 685 me?
906 648 976 684 Lv.
1007 646 1130 684 immo
1155 647 1298 697 edepol
1327 660 1390 685 me
1418 660 1537 696 quam

1339 719 1376 749 te
1398 711 1537 749 minus.

208 775 349 814 licetne
369 776 552 826 amplecti
576 778 642 815 te?
700 778 776 816 Cn.
809 776 917 826 quid,
944 776 1200 827 ‘amplecti'?
1257 777 1331 816 OL.
1364 775 1467 814 licet.

209 842 277 879 Lv.
312 850 363 888 ut,
386 841 478 892 quia
499 849 536 879 te
558 850 685 891 tango,
710 843 786 880 mel
810 841 904 880 mihi
926 842 1064 880 uideor
1084 842 1252 892 lingere!

210 906 283 944 OL.
318 906 419 944 ultro
441 914 488 952 te,
512 914 673 952 amator,
696 919 819 956 apage
842 913 879 944 te
899 920 922 944 a
942 907 1061 945 dorso
1083 920 1172 944 meo
1191 909 1198 944 l

211 971 287 1010 Cn.
321 970 411 1009 illuc
432 979 501 1018 est,
525 971 627 1018 illuc,
650 972 758 1021 quod
780 971 843 1010 hic
864 972 970 1010 hunc
992 971 1083 1010 fecit
1103 971 1261 1009 uilicum
1281 987 1287 1010 :
1560 971 1630 1015 460

150 1049 188 1080 ²5
209 1041 247 1073 et
268 1033 373 1074 idem
395 1049 458 1074 me
479 1035 642 1085 pridem,
665 1049 786 1085 quom
808 1035 842 1074 ei
864 1036 1077 1074 aduorsum
1100 1049 1296 1082 ueneram,

209 1099 334 1138 facere
353 1099 562 1138 atriensem
584 1101 761 1139 uoluerat
781 1100 855 1139 sub
875 1099 1001 1139 ianua.

209 1164 281 1202 OL.
315 1172 356 1202 ut
378 1163 447 1202 tibi
470 1164 683 1215 morigerus
705 1164 834 1212 hodie,
858 1172 900 1202 ut
921 1164 1112 1215 uoluptati
1134 1164 1212 1203 fui!

211 1229 279 1266 ΙΝ.
312 1237 353 1267 ut
376 1228 456 1277 tibi,
480 1230 574 1268 dum
597 1229 742 1275 uiuam,
767 1229 868 1268 bene
889 1229 1007 1268 uelim
1030 1231 1116 1280 plus
1137 1243 1254 1279 quam
1277 1228 1386 1267 mihi.

211 1295 287 1333 CH.
321 1294 439 1332 hodie
462 1295 602 1341 hercle,
626 1294 775 1344 opinor,
800 1294 837 1332 hi
861 1294 1154 1333 conturbabunt
1174 1295 1319 1344 pedes:
1559 1295 1624 1340 465

151 1371 191 1401 30
210 1360 308 1397 solet
329 1358 391 1396 hic
414 1359 596 1398 barbatos
617 1372 711 1397 sane
731 1358 869 1398 sectari
890 1371 1018 1398 senex.

211 1424 280 1460 Lv.
314 1430 354 1460 ut
375 1437 448 1473 ego
469 1422 588 1462 hodie
610 1422 795 1463 Casinam
817 1423 1090 1469 deosculabor,
1112 1430 1154 1461 ut
1176 1422 1270 1460 mihi

210 1488 314 1526 bona
337 1490 456 1527 multa
478 1488 617 1527 faciam
637 1487 776 1540 (clam)
796 1502 923 1527 meam
945 1501 1105 1527 uxorem
1124 1491 1130 1525 !
1188 1490 1266 1527 CH.
1298 1496 1442 1527 attatae
1461 1490 1468 1526 !

173 1590 176 1593 Α
210 1566 315 1593 nunc
337 1554 401 1603 pol
423 1567 496 1603 ego
517 1554 678 1592 demum
700 1553 740 1592 in
761 1561 906 1592 rectam
928 1552 1023 1592 redii
1045 1552 1236 1592 semitam.

211 1617 273 1656 hic
295 1617 400 1668 ipsus
423 1618 608 1658 Casinam
629 1618 794 1669 deperit.
843 1618 972 1658 habeo
992 1618 1106 1657 uiros.
1558 1627 1628 1662 470

149 1690 190 1723 35
213 1683 283 1720 Lv.
313 1681 390 1720 iam
413 1683 542 1722 hercle
561 1682 784 1734 amplexari,
807 1681 883 1721 iam
905 1682 1071 1721 osculari
1090 1682 1225 1732 gestio.

211 1746 283 1785 OL.
317 1745 401 1785 sine
421 1746 518 1797 priu’
539 1747 694 1786 deduci.
727 1746 835 1797 quid,
859 1748 1017 1794 malum,
1039 1749 1253 1798 properas?
1311 1749 1380 1785 Lxx
1412 1760 1512 1785 amo.

209 1812 281 1850 OL.
314 1819 352 1850 at
373 1825 453 1851 non
475 1812 616 1863 opinor
636 1812 717 1851 fieri
738 1813 815 1851 hoc
835 1825 950 1863 posse
971 1811 1100 1851 hodie.
1161 1813 1230 1850 Lv.
1263 1820 1402 1863 potest,

209 1875 404 1927 siquidem
426 1891 509 1915 cras
530 1891 668 1916 censes
690 1885 727 1916 te
748 1891 864 1927 posse
884 1877 1008 1916 emitti
1031 1891 1160 1916 manu.

211 1943 288 1981 CH.
321 1942 425 1980 enim
449 1956 542 1981 uero
564 1944 641 1981 huc
661 1956 774 1981 aures
796 1942 908 1993 magi'
929 1950 1019 1980 sunt
1039 1942 1290 1981 adhibendae
1312 1942 1406 1980 mihi
1424 1958 1430 1980 :
1557 1950 1624 1987 475

147 2018 192 2050 4ο
212 2006 286 2044 iam
309 2021 381 2057 ego
403 2021 483 2045 uno
505 2007 542 2045 in
564 2009 663 2046 saltu
686 2007 814 2057 lepide
835 2021 950 2057 apros
971 2007 1123 2057 capiam
1145 2008 1256 2045 duos.

212 2073 280 2110 Lv.
312 2074 418 2123 apud
440 2074 545 2111 hunc
566 2073 742 2111 sodalem
765 2085 895 2110 meum
918 2079 1036 2121 atque
1057 2071 1230 2110 uicinum
1254 2070 1347 2108 mihi

253 2186 312 2216 451
341 2181 429 2206 tatae
455 2175 581 2207 Schocll
720 2185 780 2213 454
816 2175 1013 2205 deosculere
1039 2174 1203 2204 Man-sins
1218 2185 1224 2204 :
1264 2174 1440 2204 deosculer
1471 2174 1537 2207 cod,

209 2229 272 2258 455
296 2219 453 2250 ecfodere
472 2219 585 2249 hercle
604 2219 657 2249 hic
676 2219 744 2248 uolt
762 2219 863 2248 credo
881 2218 946 2249 cod.
964 2230 980 2265 z·
996 2219 1066 2248 imi.
1090 2218 1189 2248 Bothe
1320 2219 1381 2256 465
1408 2217 1446 2246 iis
1464 2217 1497 2257 (i.
1509 2228 1532 2247 e.

211 2278 264 2309 luis
276 2281 302 2317 7)
317 2279 382 2310 cod.
399 2279 445 2309 'hi
461 2279 519 2319 ι12)
601 2279 679 2318 sort.
699 2279 801 2317 opino
820 2278 852 2308 hi
870 2279 932 2309 sibi
953 2269 999 2318 (ὲ
1013 2289 1040 2309 e.
1174 2278 1238 2316 468
1261 2277 1345 2307 clam
1363 2276 1437 2307 add.
1458 2276 1536 2306 Pr'us

211 2327 324 2362 (praec.
340 2323 458 2354 wiam'»
592 2331 655 2360 473
679 2321 728 2352 vel
742 2321 846 2361 opino
979 2333 1042 2362 474
1066 2321 1172 2352 emitti
1192 2320 1400 2351 Camerarius
1418 2331 1423 2349 ε
1450 2320 1536 2351 mitti

209 2365 275 2396 ιυτΙ.
409 2376 470 2405 475
496 2365 544 2396 vel
560 2376 655 2404 mage
