1727 2702
142 117 195 154 ΙΙ.
216 117 246 154 ii
638 119 684 156 T.
718 118 898 158 MACCI
930 119 1134 157 PLAVTI

219 228 299 266 HE.
331 228 426 278 quid
448 230 586 279 pater?
615 228 798 267 uiuitne?
842 231 1011 267 PmLoc.
1044 229 1192 278 uiuom,
1215 244 1336 281 quom
1357 231 1451 271 inde
1469 231 1550 272 abi-

1216 309 1313 343 mus,
1336 296 1521 347 liquimus
1539 312 1551 347 ;

219 371 324 396 nunc
344 358 504 397 uiuatne
525 372 662 406 necne,
685 358 725 398 id
746 359 896 398 Orcum
917 358 1015 397 scire
1035 366 1190 410 oportet
1211 360 1369 399 scilicet.

218 425 290 462 Tv.
323 425 431 462 salua
462 437 520 462 res
555 431 624 470 est,
647 423 947 474 philosophatur
970 437 1131 475 quoque
1162 424 1251 472 iam,
1274 439 1354 464 non
1381 428 1551 466 mendax

1335 492 1457 529 modo
1479 499 1548 530 est.

161 564 198 596 35
221 555 302 592 HE.
334 553 429 604 quid
451 560 531 592 erat
562 553 596 592 ei
627 555 806 592 nomen?
864 555 1035 592 PH1Loc.
1068 555 1551 606 Thensaurochrysonico-
1570 559 1635 603 285

1336 622 1547 671 chrysides.

221 687 300 723 HE.
333 685 517 723 uidelicet
537 693 696 736 propter
715 685 873 724 diuitias
894 685 1062 723 inditum
1083 685 1124 725 id
1145 699 1291 725 nomen
1313 687 1422 737 quasi
1443 695 1512 726 est.

220 752 389 788 PH1Loc.
423 750 546 788 immo
567 751 709 800 edepol
734 757 893 800 propter
912 750 1115 788 auaritiam
1141 750 1263 801 ipsius
1291 759 1409 802 atque
1435 754 1552 791 auda-

1437 817 1549 856 ciam.

220 895 309 919 nam
331 880 384 918 illi
405 880 568 931 quidem
589 881 944 919 Theodoromedes
965 880 1037 919 fuit
1057 894 1246 931 germano
1265 882 1437 921 nomine.

222 948 300 984 HE.
334 946 430 996 quid
454 953 495 984 tu
519 945 608 984 ais?
637 953 804 984 tenaxne
830 954 939 996 pater
969 954 1027 985 est
1056 946 1170 985 eius?
1226 949 1396 986 PfflLoc.
1429 948 1552 987 immo

1177 1013 1319 1062 edepol
1340 1020 1525 1063 pertenax
1543 1028 1553 1061 3

159 1092 200 1123 40
219 1077 315 1127 quin
345 1076 461 1115 etiam
490 1084 531 1114 ut
557 1075 670 1126 magi’
699 1089 863 1116 noscas:
895 1075 1025 1115 Genio
1050 1090 1123 1115 suo
1149 1076 1217 1116 ubi
1241 1079 1402 1128 quando
1428 1091 1553 1116 sacru·
1572 1090 1641 1124 290

1450 1144 1551 1190 ficat,

218 1209 268 1246 ad
290 1221 370 1246 rern
391 1206 568 1245 diuinam
590 1206 734 1257 quibus
754 1214 812 1246 est
836 1208 942 1258 opu',
962 1207 1102 1246 Samiis
1123 1207 1227 1246 uasis
1247 1208 1381 1256 utitur,

219 1287 268 1311 ne
289 1272 372 1322 ipse
393 1271 543 1310 Genius
565 1271 784 1322 surrupiat:
816 1272 982 1322 proinde
1002 1272 1087 1310 aliis
1108 1280 1149 1311 ut
1170 1274 1302 1312 credat
1323 1273 1425 1312 uide.

223 1340 301 1376 HE.
334 1349 496 1387 sequere
523 1337 597 1375 hac
625 1350 688 1375 me
716 1336 839 1387 igitur.
899 1338 1038 1376 eadem
1067 1351 1141 1388 ego
1169 1352 1216 1376 ex
1243 1339 1319 1377 hoc
1339 1352 1440 1389 quae
1461 1340 1554 1378 uolo

1260 1403 1551 1453 exquaesiuero.

224 1467 474 1514 Philocrates,
496 1467 560 1506 hic
581 1467 671 1506 feeit
693 1467 895 1506 hominem
917 1467 1014 1517 frugi
1035 1475 1077 1506 ut
1097 1469 1224 1507 facere
1243 1468 1425 1518 oportuit.

160 1547 201 1579 45
223 1535 313 1572 nam
335 1546 408 1582 ego
428 1547 473 1571 ex
495 1534 571 1571 hoe
591 1545 671 1582 quo
691 1546 832 1582 genere
852 1539 992 1582 gnatus
1013 1532 1064 1570 sis
1085 1532 1181 1580 scio,
1197 1532 1261 1570 hic
1277 1534 1416 1571 fassust
1434 1533 1527 1571 mihi
1543 1548 1553 1581 3
1572 1544 1637 1581 295

223 1600 320 1637 haec
340 1606 381 1636 tu
403 1599 542 1636 eadem
564 1597 593 1635 si
616 1596 793 1635 confiteri
814 1597 885 1644 uis,
908 1604 975 1635 tua
995 1610 1035 1635 re
1055 1597 1191 1635 feceris
1210 1612 1217 1635 :

222 1677 322 1714 quae
352 1671 483 1701 tamen
512 1662 594 1701 scio
624 1663 721 1700 scire
751 1675 814 1700 me
841 1675 887 1701 ex
914 1662 1002 1701 hoc.
1061 1663 1133 1700 Τγ.
1167 1661 1257 1701 fecit
1285 1662 1456 1701 officium
1488 1662 1552 1701 hie

1425 1741 1551 1775 suom,

221 1808 342 1845 quom
364 1793 433 1832 tibi
455 1800 512 1831 est
533 1793 736 1831 confessus
758 1806 906 1840 uerum,
930 1805 1170 1843 quamquam
1192 1792 1298 1831 uolui
1321 1794 1460 1832 sedulo

222 1873 349 1899 meam
372 1858 617 1897 nobilitatem
639 1860 836 1897 occultare
857 1866 895 1897 et
914 1872 1037 1909 genus
1058 1866 1096 1897 et
1116 1858 1273 1897 diuitias
1294 1872 1411 1905 meas,

163 1937 204 1968 50
225 1925 378 1975 Hegio;
409 1936 513 1961 nunc
535 1924 695 1973 quando
716 1923 878 1973 patriam
901 1931 939 1962 et
959 1923 1177 1962 libertatern
1200 1923 1362 1974 perdidi,
1572 1935 1642 1970 300

223 2004 303 2029 non
323 2004 397 2040 ego
418 1990 544 2028 istunc
566 2003 628 2028 rne
650 1989 779 2039 potius
799 2003 917 2039 quam
939 1997 977 2027 te
1001 1996 1174 2027 metuere
1193 2002 1361 2038 aequom
1383 2002 1538 2028 censeo.

223 2057 281 2095 uis
302 2057 453 2095 hostilis
474 2070 564 2095 cum
586 2057 684 2095 istoc
705 2056 795 2095 fecit
816 2069 922 2095 meas
943 2069 1038 2106 opes
1057 2054 1299 2104 aequabili53

224 2122 398 2170 memini,
419 2136 540 2172 quom
562 2123 670 2161 dicto
691 2123 797 2160 haud
818 2122 988 2160 audebat
1008 2136 1014 2158 z
1046 2121 1149 2158 facto
1170 2133 1275 2157 nunc
1295 2120 1423 2157 laedat
1445 2118 1544 2158 licet.

265 2229 327 2268 283
351 2229 489 2259 uiuatne
507 2227 628 2258 Bothe:
655 2227 746 2257 uiuat
763 2225 828 2257 cod.
937 2225 998 2263 285
1022 2225 1100 2264 quid
1119 2223 1214 2259 Brix,
1232 2222 1410 2253 secundnm
1428 2233 1551 2253 monm

222 2272 433 2303 Plautinum:
451 2272 539 2311 quod
558 2270 624 2302 cod.
703 2271 766 2300 288
789 2269 847 2300 dcl.
864 2268 980 2304 Roma
1005 2267 1062 2298 sed
1069 2267 1152 2299 Phil.
1167 2277 1274 2297 secum
1290 2266 1350 2296 :vrl
1363 2265 1548 2306 Tyndarus)

222 2316 365 2355 loquitur
416 2316 543 2346 velillic
633 2315 696 2353 289
722 2314 877 2353 pertinax
890 2312 954 2343 cod.
1048 2322 1113 2350 290
1134 2311 1184 2342 vel
1198 2320 1294 2349 mage
1383 2319 1440 2348 291
1467 2320 1552 2349 opus

222 2365 271 2390 est
285 2359 358 2390 Ital.
481 2360 545 2397 296
567 2357 654 2400 (ex)
671 2363 727 2388 tua
743 2355 957 2387 Studemund
1065 2365 1126 2394 297
1151 2354 1221 2384 scio
1237 2358 1419 2393 suspectum
1436 2365 1442 2383 τ
1467 2353 1553 2383 scito

227 2403 270 2432 V²
285 2415 290 2432 z
306 2404 386 2442 sort.
407 2403 453 2433 sci
567 2403 629 2441 298
654 2410 855 2440 quamquam
875 2398 1105 2429 Camerarius:
1130 2407 1228 2437 quam
1246 2397 1310 2428 cod.
