1727 2712
685 156 1009 195 BACCHIDES
1462 156 1517 193 II.
1538 155 1582 190 111

97 283 165 318 290
183 282 313 319 neque
332 281 426 306 aues
448 282 577 318 neque
599 267 707 307 uenti
728 267 853 307 citius.
913 267 1101 318 quoniam
1124 267 1252 306 sentio

182 348 283 385 quae
305 348 364 372 res
384 342 591 384 gereretur,
614 347 758 372 nauem
780 335 978 383 extemplo
998 333 1217 372 statuimus.

182 399 371 449 quoniam
392 398 530 437 uident
551 411 623 437 nos
644 406 754 445 stare,
778 406 1017 448 occeperunt
1038 407 1159 437 ratem

182 465 334 503 tardare
355 464 395 502 in
417 472 542 514 portu.
603 465 641 503 N
646 476 669 502 1.
702 463 844 514 edepol
866 463 1039 502 mortalis
1061 465 1185 502 malos
1203 466 1209 501 Ξ

183 529 278 579 quid
299 528 472 578 denique
492 528 635 578 agitis?
691 529 768 568 CH.
801 542 935 566 rusum
956 528 996 566 in
1017 536 1174 579 portum
1197 527 1416 580 recipimus.
1534 531 1578 563 60

96 605 160 642 295
183 596 221 632 N
226 607 248 632 1.
282 594 478 644 sapienter
499 596 645 632 factum
667 607 689 632 a
709 593 834 632 uobis.
894 593 991 643 quid
1011 593 1065 631 illi
1086 596 1256 645 postea?

182 661 260 700 CH.
293 660 562 699 reuorsionem
583 661 634 699 ad
655 668 796 699 terram
817 659 965 698 faciunt
989 659 1154 710 uesperi.

183 726 248 763 Νι.
280 739 419 763 aurum
441 727 571 764 hercle
591 727 740 764 auferre
760 726 945 764 uoluere:
975 725 1011 763 ei
1032 725 1085 763 rei
1106 738 1266 775 operam
1287 724 1446 764 dabant.

183 790 260 830 CH.
293 804 374 828 non
395 804 458 829 me
478 790 624 837 fefellit,
647 789 761 836 sensi,
780 803 828 829 eo
848 789 1092 829 exanimatus
1113 789 1177 828 fui.

183 855 372 905 quoniam
394 856 576 895 uidemus
596 869 692 895 auro
712 855 874 894 insidias
894 855 987 902 fieri,
1536 862 1576 902 65

95 931 164 966 300
182 920 360 971 capimus
381 921 589 960 consilium
611 921 801 960 continuo
819 936 828 969 3
857 921 1046 972 postridie

182 987 394 1025 auferimus
415 1001 554 1026 aurum
575 1001 694 1026 omne
712 986 846 1040 (illim)
865 987 939 1026 illis
960 987 1246 1038 praesentibus,

181 1054 311 1103 palam
331 1060 451 1104 atque
471 1060 614 1103 aperte,
638 1060 679 1091 ut
700 1052 754 1091 illi
775 1052 815 1092 id
836 1054 982 1092 factum
1005 1053 1225 1091 sciscerent.

182 1119 219 1157 N
225 1131 248 1156 1.
282 1118 378 1157 scite
399 1120 540 1157 hercle.
600 1120 700 1158 cedo
721 1118 818 1169 quid
839 1118 925 1157 illi?
982 1119 1059 1158 CH.
1093 1118 1219 1157 tristes
1241 1118 1341 1165 ilico,

181 1197 304 1234 quom
325 1185 523 1234 extemplo
542 1197 566 1222 a
585 1191 699 1234 portu
722 1183 776 1222 ire
797 1197 869 1223 nos
890 1197 981 1222 cum
1001 1197 1102 1222 auro·
1117 1184 1266 1230 uident,
1538 1199 1577 1232 70

95 1261 160 1297 305
183 1250 411 1289 subducunt
431 1244 613 1288 lembum
629 1248 825 1300 capitibus
845 1249 1134 1299 quassantibus.
1153 1286 1159 1295 „

182 1329 254 1354 nos
275 1316 381 1365 apud
402 1315 659 1354 Theotimum
681 1328 800 1353 omne
820 1328 957 1353 aurum
979 1314 1262 1365 deposiuimus‚

181 1381 249 1431 qui
270 1380 348 1419 illic
369 1381 552 1419 sacerdos
574 1388 632 1419 est
654 1380 798 1419 Dianai
820 1379 1027 1430 Ephesiae.

182 1448 248 1485 N1.
281 1446 369 1497 quis
389 1447 476 1486 istic
496 1446 782 1485 Theotimust?
838 1448 914 1486 CH.
950 1446 1194 1496 Megalobuli
1216 1446 1329 1493 filius,

181 1512 248 1562 qui
269 1526 375 1551 nunc
396 1512 656 1563 in‘Ephesost
677 1512 859 1562 Ephesiis
880 1511 1126 1550 carissumus.
1536 1524 1576 1559 75

94 1592 164 1626 310
182 1579 248 1616 N1.
281 1592 331 1616 ne
352 1578 416 1617 ille
437 1579 567 1616 hercle
589 1577 684 1615 mihi
705 1577 753 1616 sit
774 1579 899 1616 multo
919 1584 1030 1616 tanto
1050 1576 1184 1624 carior,

181 1642 212 1681 si
234 1657 297 1682 me
318 1643 409 1682 illoc
429 1657 524 1682 auro
545 1651 655 1681 tanto
677 1642 990 1681 circumduxerit.

181 1710 259 1748 CH.
292 1709 387 1759 quin
409 1708 449 1747 in
470 1722 588 1759 eapse
608 1709 707 1746 aede
730 1707 871 1746 Dianai
891 1707 1135 1746 conditumst
1153 1722 1161 1754 3
1235 1758 1238 1761 .

180 1773 329 1813 ibidem
351 1774 565 1825 publicitus
587 1781 754 1813 seruant
815 1775 881 1812 N1.
914 1773 1105 1813 occidiSti'
1127 1787 1189 1812 me
1204 1788 1216 1821 5

179 1838 306 1878 nimio'
324 1839 387 1878 hic
408 1839 590 1890 priuatim
612 1847 829 1878 seruaretur
849 1838 1001 1878 rectius.
1071 1881 1191 1899 ,ἴα
1205 1876 1302 1893 2-52„
1535 1846 1577 1877 80

40 1892 63 1963 l}
93 1917 159 1953 315
181 1904 251 1942 sed
272 1903 378 1943 nilne
398 1903 512 1956 (huc)
531 1903 713 1942 attulistis
734 1903 828 1943 inde
848 1904 931 1942 auri
952 1905 1147 1943 domum?
1202 1893 1214 1895 ⁷*

31 1966 59 2024 Q*
182 1969 258 2008 CH.
292 1968 415 2008 immo
435 1969 563 2008 etiam.
624 1983 761 2008 uerum
792 1977 983 2019 quantum
1014 1968 1184 2009 attulerit
1205 1969 1349 2008 nescio.

180 2034 246 2072 N1.
279 2034 399 2085 quid.
391 2036 408 2065 Ρ
428 2034 579 2073 neseis.
572 2036 588 2064 Ρ
645 2036 722 2074 Cn.
756 2034 876 2085 quia
863 2035 1136 2074 Mnesilochus
1153 2043 1273 2074 noctu
1291 2036 1512 2074 clanculum

179 2099 341 2138 deuenit
360 2101 411 2139 ad
432 2099 706 2148 Theotimum,
726 2113 799 2139 nec
821 2100 917 2138 mihi
938 2102 1096 2140 credere

224 2213 288 2243 293
312 2205 448 2236 tardare
465 2204 608 2245 Haupt:
632 2205 769 2235 turbare
787 2204 851 2236 cod.
998 2216 1062 2246 299
1086 2206 1230 2236 uidimus
1247 2205 1312 2237 cod.
1449 2216 1510 2244 301

181 2246 261 2278 illim
286 2247 362 2279 add.
390 2248 516 2278 Ritsclzl
646 2258 710 2287 304
733 2249 890 2288 quoniam
911 2249 939 2279 C
1023 2249 1115 2291 (illi)
1138 2251 1187 2279 ire
1215 2249 1354 2280 Mueller
1378 2249 1511 2286 (Rlzcm.

181 2290 270 2321 Mus
303 2301 353 2331 54,
391 2293 494 2331 384).
527 2292 620 2322 abire
649 2292 770 2323 Pradel
801 2293 841 2323 de
868 2298 979 2333 praep.
1016 2303 1046 2332 p.
1076 2303 1152 2332 552,
1184 2304 1266 2323 nam
1296 2304 1395 2332 quom
1417 2294 1422 2334 Ι
1444 2300 1512 2325 ext.

179 2333 319 2374 displicet
343 2346 398 2366 nec
417 2346 532 2366 mmus
553 2336 750 2375 extempulo
887 2346 951 2375 305
976 2347 1065 2367 cass.
1084 2337 1208 2366 Ritsclzl
1348 2338 1412 2376 308
1436 2338 1511 2376 quis

179 2376 334 2409 Brunck:
358 2390 414 2418 qu1
427 2379 491 2410 cod
510 2380 560 2417 lcf
574 2390 639 2418 309
766 2390 827 2418 311
855 2381 906 2410 zel
920 2381 995 2410 med
1016 2380 1072 2410 illo
1100 2391 1133 2410 -ο
1150 2379 1237 2419 cod.)
1348 2391 1411 2419 312
1438 2381 1510 2420 ipsa

178 2421 241 2452 cod.
349 2432 412 2461 315
437 2423 501 2453 huc
513 2423 588 2453 add.
602 2422 806 2454 Hermann:
832 2424 874 2453 mi
895 2423 971 2454 add.
993 2423 1115 2454 Pradel
1130 2423 1167 2454 de
1176 2428 1286 2464 praep.
1307 2433 1338 2463 p.
1358 2434 1422 2464 553
