1676 2722
581 486 1013 539 PRAEFATIO

187 623 326 661 Ivssvs
347 636 370 660 a
393 623 592 673 Delegatis
615 622 715 661 Preli
737 622 1044 663 Clarendoniani
1073 630 1221 662 textum
1243 623 1463 661 fabularum

131 687 399 726 Plautinarum
418 689 619 727 edendum
636 702 770 727 curare
786 689 837 727 ab
859 690 1010 738 optimo
1031 688 1214 727 codicum
1237 688 1464 727 testimonio

131 767 249 803 quarn
271 753 446 804 proxime
467 761 675 802 remotum,
699 754 978 804 orthographia
1003 762 1195 804 quantum
1222 753 1304 792 fieri
1329 761 1463 804 posset

130 821 269 857 eadem
302 827 339 858 et
373 819 630 858 adnotatione
664 833 785 871 quam
821 819 1050 858 brevissima
1078 821 1325 866 instructum,
1361 820 1463 857 hanc

130 883 225 921 mihi
250 886 376 934 legem
402 884 519 922 statui
543 892 586 923 ut
613 884 655 923 in
678 898 877 924 consensu
899 885 1013 937 (AF)
1035 884 1290 924 Ambrosiani
1314 883 1463 923 codicis

130 950 202 999 (A)
217 962 307 987 cum
323 949 501 988 Palatina
521 963 641 1000 quam
658 959 800 989 vocant
816 950 1047 989 recensione
1062 950 1136 1002 (P)
1153 950 1349 1001 optimum
1367 949 1463 987 illud

129 1014 401 1054 testimonium
427 1028 670 1066 quaererem,
701 1030 725 1054 a
751 1029 832 1066 quo
863 1028 1068 1065 nunquam
1098 1017 1178 1055 fere
1203 1016 1460 1060 discederem,

129 1080 202 1119 nisi
223 1079 318 1118 mihi
340 1080 620 1130 persuasissem
644 1081 682 1119 in
704 1083 877 1120 eundem
899 1095 1069 1120 errorem
1097 1089 1135 1120 et
1156 1083 1262 1119 hunc
1290 1088 1328 1119 et
1352 1079 1462 1117 illum

128 1145 296 1184 scribam
337 1145 534 1185 incidisse.
614 1148 661 1186 In
699 1146 960 1186 adnotatione
1002 1155 1135 1185 autem
1173 1145 1463 1185 conscribenda

128 1213 225 1250 illud
255 1211 352 1250 mihi
391 1212 577 1263 proposui
614 1221 668 1261 ut,
700 1214 853 1263 siquam
882 1212 1104 1251 alterutrius
1144 1211 1384 1251 recensionis
1413 1212 1463 1249 le-

127 1279 301 1316 ctionem
330 1285 398 1317 aut
425 1277 580 1328 siquam
611 1280 672 1317 vel
707 1278 923 1317 scribarum
954 1280 1014 1318 vel
1049 1280 1259 1318 doctorum
1289 1277 1459 1316 virorum

127 1344 394 1381 coniecturam
423 1345 502 1382 veri
532 1343 701 1382 similem
740 1344 973 1391 reiecissem,
1015 1358 1062 1383 ea
1100 1344 1140 1383 in
1180 1344 1259 1382 ima
1295 1345 1462 1395 paginae

128 1407 302 1458 margine
332 1409 464 1446 locum
495 1409 668 1449 haberet.
730 1411 816 1449 Nec
836 1423 930 1450 vero
952 1423 1114 1449 necesse
1139 1408 1259 1448 habui
1281 1408 1459 1447 omnium

129 1474 324 1522 codicum,
347 1487 398 1513 ne
419 1473 720 1525 praecipuorum
742 1475 916 1526 quidem,
941 1475 1008 1526 qui
1036 1476 1167 1514 adhuc
1188 1474 1459 1513 recensionem

129 1539 345 1578 Palatinam
370 1539 557 1579 exhibent
587 1540 758 1590 singulas
789 1554 1018 1580 enumerare
1042 1540 1232 1579 lectiones
1247 1555 1257 1588 3
1285 1553 1334 1579 eo
1354 1539 1460 1578 enim

128 1613 312 1656 provecta
339 1614 397 1645 est
425 1621 562 1646 eorum
590 1607 774 1646 codicum
797 1606 1045 1658 investigatio
1066 1615 1107 1645 ut
1128 1620 1218 1645 cum
1241 1605 1460 1655 archetypis

128 1671 235 1711 libris
265 1672 396 1723 potius
426 1673 493 1723 qui
523 1673 722 1724 perierunt
751 1686 871 1722 quam
907 1685 998 1710 curn
1028 1671 1122 1722 ipsis
1152 1672 1219 1721 qui
1249 1678 1382 1709 extant
1411 1670 1460 1708 sit

127 1738 337 1788 agendum.
395 1740 508 1788 Quos
525 1738 686 1788 quidem
709 1739 943 1788 archetypos
964 1737 1084 1776 libros
1106 1749 1175 1786 per
1195 1743 1287 1774 octo
1308 1736 1459 1774 fabulas

128 1803 275 1854 priores
295 1804 459 1855 (Amph.
483 1803 594 1842 Asin.
621 1805 710 1841 Aul.
733 1804 847 1854 Capt.
870 1803 986 1842 Cure.
1011 1803 1099 1842 Cas.
1122 1800 1219 1841 Cist.
1243 1799 1379 1851 Epid.)
1400 1800 1460 1838 his

127 1869 230 1920 siglis
251 1869 460 1909 denotavi:

179 1934 250 1982 PE,
286 1935 430 1974 librum
460 1936 567 1974 unde
597 1934 759 1974 derivati
793 1943 884 1973 sunt
910 1936 954 1973 E
981 1934 1086 1983 (cod.
1121 1931 1407 1971 Ambrosianus
1439 1933 1457 1970 I

130 2013 201 2051 257
224 2001 305 2049 inf.,
323 2014 424 2040 saec.
443 2002 493 2038 xii
511 2000 700 2047 exeuntis,
718 1999 785 2051 qui
803 1999 980 2038 continet
995 2012 1135 2037 ornnes
1152 1998 1274 2048 octo),
1302 1996 1456 2047 V(cod.

127 2066 331 2105 Leidensis
360 2065 580 2105 Vossianus
611 2067 650 2115 Q
681 2079 741 2115 30,
769 2078 869 2104 saec.
901 2064 951 2102 xii
977 2063 1160 2111 ineuntis,
1187 2062 1253 2113 qui
1282 2061 1460 2101 continet

126 2132 297 2179 easdem,
321 2131 476 2171 omissis
497 2132 656 2182 Amph„
681 2132 804 2177 Asin„
828 2131 916 2168 Aul.
945 2131 1082 2178 1—189,
1108 2128 1224 2179 Epid.
1251 2128 1456 2179 245—fin.)‚

127 2210 281 2236 necnon
303 2198 384 2236 duo
405 2210 427 2236 e
447 2198 661 2247 depravato
682 2195 893 2246 exemplari
911 2193 998 2247 (ΡΙ)
1014 2194 1198 2244 descripti
1218 2195 1376 2232 codices
1391 2193 1414 2241 ¹,
1420 2195 1458 2243 J

127 2261 231 2311 (cod.
256 2261 521 2302 Londinensis
543 2261 667 2300 musei
692 2260 907 2299 Britannici
934 2262 1030 2310 Reg.
1064 2272 1106 2309 15
1131 2259 1165 2300 C
1187 2261 1258 2307 XI,
1283 2273 1382 2298 saec.
1407 2258 1456 2296 xii

126 2325 306 2375 ineuntis,
338 2327 407 2378 qui
436 2326 614 2366 continet
643 2339 782 2366 omnes
811 2325 932 2376 octo),
968 2325 1004 2363 O
1033 2324 1312 2375 (fragmentum
1344 2325 1456 2363 Otto-

169 2422 180 2442 ¹
207 2422 315 2454 Etiam
333 2422 566 2454 correctiones
584 2422 668 2464 (V2)
685 2422 719 2453 in
737 2422 852 2472 codice
875 2420 905 2450 V
921 2431 963 2451 ex
981 2420 1045 2451 hoc
1064 2420 1156 2451 (onte
1174 2423 1416 2460 provenerunt.

769 2478 810 2504 m
1269 2475 1292 2500 a
1315 2477 1333 2501 2
