1727 2702
158 71 223 110 1.i
626 72 672 109 T.
706 71 885 111 MACCI
917 71 1119 110 PLAVTI

215 183 289 219 Dic.
323 183 396 219 Per
419 180 538 219 Dium
564 180 717 219 Fidium
740 180 916 230 quaeris:
950 180 1074 218 iurato
1095 179 1189 218 mihi

212 246 329 285 uideo
352 259 511 283 necesse
532 258 617 283 esse
637 244 768 294 eloqui
791 244 984 294 quidquid
1006 258 1128 295 roges.

156 328 193 350 10
215 307 289 362 [ita
310 326 372 350 me
393 310 589 361 opstinate
609 311 826 359 adgressu‘s
849 319 889 348 ut
911 323 990 347 non
1011 311 1178 348 audeam
1555 313 1620 355 25¹

212 377 389 427 profecto
410 373 656 424 percontanti
678 372 772 422 quin
794 386 972 423 promam
994 372 1158 427 omnia]

211 440 375 490 proinde
395 447 571 477 actutum
595 437 694 476 istuc
717 436 813 487 quid
835 437 882 475 sit
904 439 1011 488 quod
1033 438 1130 477 scire
1150 438 1297 489 expetis

210 507 393 555 eloquere
411 520 417 542 :
448 512 489 542 ut
510 504 593 554 ipse
616 502 737 550 scibo,
763 510 801 541 te
822 502 962 541 faciam
984 511 1025 541 ut
1046 503 1156 542 scias.

213 572 271 609 Li.
303 570 367 609 dic
388 582 553 619 opsecro
575 570 705 608 hercle
730 567 830 606 serio
853 569 961 618 quod
983 575 1020 606 te
1041 581 1185 618 rogem,

154 652 190 683 ¹5
210 649 307 674 caue
328 635 422 674 mihi
446 634 627 674 mendaci
650 634 875 684 quiequam.
938 635 1013 671 DE.
1045 633 1140 684 quin
1161 641 1203 672 tu
1224 647 1316 684 ergo
1336 635 1477 685 rogas?
1557 648 1602 684 30

212 703 271 739 L1.
305 714 399 739 num
421 713 484 738 me
505 700 597 738 illuc
618 699 731 738 ducis
754 699 822 738 ubi
843 699 942 750 lapis
962 698 1134 749 lapidem
1155 698 1272 737 terit?

215 768 289 804 DE.
321 765 417 816 quid
438 765 538 803 istuc
559 767 647 803 est?
676 772 743 803 aut
767 764 833 803 ubi
855 763 955 803 istuc
975 772 1034 803 est
1054 771 1240 803 terrarum
1262 764 1367 803 loci?

213 832 272 869 L1.
305 829 372 869 ubi
394 831 488 868 flent
509 842 680 879 nequam
704 828 886 868 homines
908 828 975 880 qui
995 830 1197 880 polentam
1218 828 1418 879 pinsitam,

210 897 317 947 apud
338 894 600 941 fustitudinas,
625 894 893 945 ferricrepinas
913 893 1070 941 insulas,

153 977 193 998 20
213 961 279 1000 ubi
301 961 414 999 uiuos
435 960 617 999 homines
639 960 781 998 mortui
803 960 1002 998 incursant
1021 960 1157 999 boues.
1560 975 1601 1013 35

216 1029 290 1065 DF„
323 1028 445 1065 modo
466 1028 532 1077 pol
554 1026 722 1076 percepi,
748 1026 910 1073 Libane,
933 1027 1029 1077 quid
1050 1026 1149 1064 istuc
1169 1026 1218 1064 sit
1237 1024 1313 1064 loci
1331 1040 1339 1064 ε

213 1092 279 1131 ubi
302 1093 342 1130 fit
364 1094 534 1143 polenta,
558 1100 595 1131 te
618 1093 780 1131 fortasse
801 1092 943 1131 dicere.
1004 1094 1063 1130 L1.
1095 1094 1158 1140 ah,

214 1171 342 1208 neque
362 1158 492 1195 hercle
513 1170 586 1207 ego
608 1157 708 1195 istuc
728 1157 820 1196 dico
842 1170 914 1195 nec
935 1156 1086 1195 dictum
1107 1158 1211 1204 uolo,

213 1230 330 1272 teque
350 1234 514 1272 opsecro
535 1223 666 1260 hercle
688 1229 729 1260 ut
750 1235 852 1272 quae
872 1222 1038 1260 locutu's
1059 1223 1239 1272 despuas.

155 1301 192 1333 25
216 1289 290 1325 DE.
323 1287 400 1334 fiat,
422 1294 575 1337 geratur
596 1300 681 1325 mos
702 1287 783 1325 tibi.
847 1289 904 1325 Li.
936 1300 1007 1336 age
1027 1300 1114 1337 age,
1132 1300 1257 1337 usque
1277 1300 1443 1326 exscrea.
1559 1301 1606 1335 40

217 1354 290 1390 I)}=:.
323 1352 523 1391 etiamne?
583 1355 641 1391 L1.
673 1366 745 1403 age
779 1365 948 1402 quaesso
982 1354 1112 1391 hercle
1150 1366 1275 1403 usque
1314 1366 1360 1391 ex
1399 1352 1541 1403 penitis

1349 1418 1539 1456 faucibus.

213 1483 330 1522 etiam
351 1483 531 1534 amplius.
594 1485 667 1522 DE.
701 1497 791 1522 nam
813 1485 893 1534 quo
915 1486 1069 1534 usque?
1125 1485 1185 1522 L1.
1218 1497 1343 1534 usque
1367 1485 1417 1522 ad
1445 1497 1541 1521 mor-

1336 1556 1413 1587 tem
1436 1550 1538 1587 uolo.

217 1615 291 1652 DE.
323 1627 419 1652 caue
441 1614 491 1652 sis
512 1614 655 1651 malam
678 1627 769 1652 rem.
832 1615 891 1652 L1.
925 1614 1054 1652 uxoris
1074 1614 1176 1661 dico,
1201 1627 1279 1652 non
1303 1622 1420 1652 tuam.

218 1681 291 1717 DE.
324 1681 432 1718 dono
453 1686 491 1717 te
512 1679 563 1717 ob
586 1678 684 1716 istuc
706 1678 855 1717 dictum
879 1687 920 1717 ut
942 1692 1077 1729 expers
1098 1679 1149 1716 sis
1172 1687 1288 1717 metu.
1560 1672 1607 1753 ἐξ

155 1759 196 1789 30
216 1746 275 1782 L1.
299 1744 337 1782 di
355 1743 424 1782 tibi
441 1744 536 1782 dent
551 1757 857 1794 quaequomque
871 1752 993 1794 optes
1030 1745 1103 1782 DE.
1123 1745 1244 1782 redde
1257 1757 1416 1794 operam
1435 1743 1540 1782 mihi.

215 1822 286 1859 qur
307 1810 382 1846 hoc
403 1821 476 1858 ego
496 1822 542 1846 ex
563 1816 601 1846 te
623 1811 838 1858 quaeram?
866 1818 933 1847 aut
954 1823 1026 1859 qur
1047 1809 1202 1847 miniter
1222 1809 1291 1847 tibi

216 1882 419 1924 propterea
440 1874 548 1923 quod
571 1864 734 1912 menon
757 1873 945 1912 scientem
968 1873 1133 1913 seceris?

215 1948 280 1977 aut
301 1953 373 1989 qur
393 1946 594 1989 postremo
616 1939 694 1976 filio
715 1952 978 1986 suscenseam,

216 2013 343 2055 patres
365 2012 405 2042 ut
427 2003 574 2042 faciunt
597 2003 743 2042 ceteri?
803 2006 860 2042 Li.
894 2004 988 2054 quid
1012 2003 1110 2042 istuc
1132 2003 1223 2042 noui
1246 2005 1333 2042 est?
1563 2018 1607 2056 50

261 2118 300 2147 23
324 2108 422 2137 deum
434 2106 500 2139 cod.
644 2116 695 2146 25,
717 2108 758 2137 26
782 2107 848 2138 secl.
871 2106 944 2143 Leo,
965 2108 998 2137 in
1015 2107 1122 2137 locum
1139 2117 1188 2138 vv.
1209 2117 1313 2146 2344
1331 2108 1365 2138 in
1383 2108 1544 2138 recentiore

218 2151 390 2181 mensione
405 2151 586 2191 suppositos
698 2160 750 2188 32.
763 2159 803 2189 33
818 2154 890 2190 pos!
907 2161 933 2181 v.
952 2160 991 2188 47
1010 2152 1167 2181 iterantur
1182 2152 1215 2181 in
1232 2150 1298 2182 cod.
1313 2151 1363 2190 (ii.
1377 2152 1413 2186 6)
1503 2161 1544 2189 32

216 2207 243 2225 a.
265 2205 293 2225 u.
315 2195 399 2225 istuc
417 2195 459 2225 sit
479 2203 610 2233 nequeo
629 2204 770 2223 noscere
788 2195 820 2223 in
837 2205 865 2224 v.
886 2194 1009 2234 repetito
1025 2193 1089 2225 cod.
1224 2204 1265 2233 33
1289 2194 1356 2224 secl.
1373 2193 1546 2224 Acsdah'us

218 2238 381 2278 pinsitant
393 2239 426 2268 r'n
446 2249 473 2268 v.
490 2239 616 2277 repetito
631 2249 637 2267 ε
663 2237 851 2276 pransitant
869 2237 919 2267 ln'c
929 2236 993 2267 cod.
1085 2246 1125 2276 37
1150 2237 1213 2267 ahc
1223 2236 1287 2268 cod.
1303 2237 1354 2276 (cs
1370 2238 1452 2267 valic
1465 2238 1544 2278 461)

217 2291 259 2319 39
283 2282 336 2320 qui
357 2281 400 2311 13¹⁵
555 2290 592 2319 4¹
615 2284 690 2320 post
706 2290 733 2310 v.
753 2289 792 2318 55
811 2281 858 2316 (ii.
878 2281 926 2320 6),
948 2280 1043 2320 prius
1059 2290 1124 2311 om.
1140 2284 1271 2321 propter
1291 2280 1544 2312 homoeoatrhon

217 2326 315 2355 etiarn
449 2336 487 2363 4⁴
515 2324 562 2354 vel
577 2325 632 2355 ted
