1727 2712
633 86 990 126 MENAECHMI
1423 88 1470 126 V.
1492 86 1524 126 ii

5 235 7 241 Ι
60 195 129 238 870
147 195 216 233 sed
236 193 324 244 quis
345 194 408 233 hic
429 203 486 234 est
508 195 574 246 qui
601 209 664 234 me
685 195 827 246 capillo
847 196 939 234 hinc
960 196 1010 234 de
1030 209 1142 234 curru
1163 195 1334 246 deripit?

145 258 351 308 imperium
374 267 483 298 tuom
505 261 683 298 demutat
703 268 821 309 atque
842 259 1016 298 edictum
1037 257 1243 311 Apollinis.

199 325 263 362 SE.
286 338 335 362 eu
356 326 486 363 hercle
508 325 691 364 morbum
712 338 843 363 acrem
863 338 909 363 ac
930 326 1071 364 durum
1089 328 1095 363 1
1127 338 1145 358 ³1<
1179 340 1197 360 *
1230 339 1248 359 *
1495 335 1555 358 1³0

415 403 434 423 2⁵<
604 406 621 427 *
790 404 808 425 *
839 389 890 437 di,
915 398 1086 429 nostram
1108 392 1227 429 fidem
1247 393 1254 429 !

0 460 7 495 f*
41 459 126 502 873⁹·
198 455 261 492 uel
283 453 346 493 hic
367 455 433 504 qui
455 455 598 494 insanit
619 469 738 506 quam
760 454 882 494 ualuit
904 457 1034 505 paullo
1054 455 1160 505 prius
1179 459 1186 494 1

0 506 1 517 ἵ
197 518 233 557 ei
253 520 466 570 derepente
487 529 617 559 tantus
639 521 800 559 morbus
821 520 969 559 incidit.

59 581 124 624 875
199 584 290 623 eibo
310 592 429 635 atque
450 599 649 625 accersam
672 585 871 624 medicum
894 585 970 624 iam
993 594 1183 636 quantum
1206 594 1403 637 potest.—

416 696 816 733 MENAECHMVS
852 696 904 732 II
1017 697 1204 734 SENEx
1492 690 1539 729 iii

145 776 260 814 MEN.
294 778 433 815 Iamne
454 776 517 815 isti
536 776 727 823 abierunt,
752 790 910 827 quaeso,
935 791 981 815 ex
1001 785 1217 827 conspectu
1239 791 1340 826 meo,

143 839 210 890 qui
232 854 295 878 me
316 840 355 878 ui
375 848 521 890 cogunt
543 848 585 879 ut
606 840 760 879 ualidus
783 840 1007 879 insaniam?

142 905 239 955 quid
261 919 371 944 cesso
391 906 498 945 abire
519 907 570 944 ad
591 920 734 944 nauem
757 907 853 944 dum
874 908 984 945 saluo
1006 906 1124 945 licet?

22 976 122 1019 79-80
142 985 293 1021 uosque
314 971 442 1010 omnis
464 985 623 1022 quaeso,
647 971 677 1010 si
698 985 817 1010 senex
837 972 1039 1019 reuenerit,

143 1036 182 1075 ni
204 1051 266 1076 me
287 1037 468 1076 indicetis
489 1051 568 1087 qua
588 1039 717 1087 platea
737 1037 829 1076 hinc
849 1037 1133 1088 aufugerim—
1326 1061 1329 1063 >
1496 1051 1514 1083 5

143 1103 207 1140 SE.
240 1102 364 1141 lumbi
385 1104 575 1150 sedendo,
600 1102 703 1141 oculi
726 1103 943 1152 spectando
963 1103 1113 1150 dolent,

144 1168 344 1206 manendo
366 1167 565 1206 medicum
587 1169 683 1206 dum
705 1181 746 1206 se
767 1181 813 1207 ex
833 1181 951 1218 opere
972 1167 1142 1217 recipiat.

144 1231 305 1270 odiosus
326 1234 487 1272 tandem
509 1233 573 1271 uix
592 1233 643 1271 ab
663 1232 830 1283 aegrotis
851 1232 970 1279 uenit,

56 1299 122 1344 885
142 1297 197 1336 ait
217 1312 258 1337 se
279 1299 473 1348 obligasse
494 1313 582 1337 crus
603 1300 769 1337 fractum
790 1298 1040 1349 Aesculapio,

143 1363 319 1413 Apollini
339 1371 472 1402 autem
495 1363 733 1402 bracchium.
794 1377 900 1401 nunc
920 1363 1051 1413 cogito
1496 1380 1535 1403 ιο

142 1436 272 1466 utrum
294 1442 356 1467 me
377 1429 508 1467 dicam
529 1430 673 1468 ducere
695 1428 895 1467 medicum
915 1442 965 1466 an
986 1429 1150 1467 fabrum.

140 1502 260 1545 atque
280 1508 418 1534 eccum
439 1494 597 1534 incedit.
658 1508 775 1533 moue
796 1494 1045 1533 formicinum
1066 1495 1241 1545 gradum.

546 1607 807 1644 MED1cvs
918 1605 1104 1643 SENEX
1493 1604 1539 1641 iv

144 1688 256 1726 MED.
291 1688 400 1738 Quid
421 1702 506 1727 esse
528 1688 581 1726 ssli
602 1688 728 1727 morbi
750 1687 932 1726 dixeras?
961 1700 1083 1734 narra,
1115 1700 1244 1726 senex.

56 1756 124 1800 890
142 1766 237 1791 num
259 1755 446 1792 laruatust
466 1761 533 1792 aut
553 1753 713 1792 cerritus
730 1754 746 1791 ?
775 1754 835 1791 fac
857 1751 988 1790 sciam.

142 1830 237 1855 num
258 1832 350 1856 eum
371 1826 556 1857 ueternus
576 1826 643 1856 aut
663 1831 766 1868 aqua
787 1817 958 1855 intercus
980 1817 1119 1855 tenet?

141 1883 205 1921 SE.
237 1883 334 1933 quin
354 1896 400 1921 ea
421 1891 458 1922 te
479 1897 618 1922 caussa
637 1884 742 1922 duco
763 1890 806 1921 ut
826 1882 867 1920 id
887 1881 995 1921 dicas
1021 1881 1117 1919 mihi

139 1955 258 1998 atque
279 1947 387 1986 illum
410 1956 451 1986 ut
472 1962 611 1986 sanum
632 1948 762 1986 facias.
823 1949 936 1985 MED.
969 1946 1152 1996 perfacile
1173 1946 1213 1986 id
1233 1945 1443 1997 quidemst,
1491 1965 1509 1996 5

140 2026 280 2051 sanum
300 2015 485 2061 futurum,
509 2027 596 2052 mea
617 2026 690 2063 ego
710 2013 750 2052 id
771 2012 958 2063 promitto
979 2013 1068 2050 fide.

185 2112 245 2151 871
274 2117 374 2152 atque
392 2113 516 2144 dictum
534 2112 600 2143 cod.
750 2112 814 2151 872
839 2111 995 2141 lacunam
1014 2110 1107 2141 indic.
1127 2110 1259 2141 Selloell.
1307 2111 1416 2150 Neque
1433 2122 1472 2142 eu

141 2154 257 2186 hercle
275 2167 374 2195 neque
391 2167 432 2187 eu
450 2156 691 2196 hercl'placent
779 2156 841 2194 877
860 2155 992 2184 ualidus
1006 2155 1096 2193 vixsc
1105 2154 1245 2184 rendum
1308 2160 1342 2185 ut
1357 2155 1474 2185 ualens

142 2199 228 2229 Brix
243 2211 250 2230 ε
264 2199 345 2239 fort.
362 2200 493 2230 ualidus
505 2200 552 2230 uti
672 2199 845 2230 uesaniam
864 2197 966 2228 Bothe
983 2198 1033 2237 (cf.
1054 2208 1082 2228 υ.
1101 2200 1182 2236 9215
1299 2202 1375 2238 post
1388 2199 1477 2228 hunc

144 2253 273 2273 versum
302 2243 458 2274 lacunam
485 2243 578 2275 indic.
608 2243 734 2272 Rt'tsclzl
878 2242 942 2271 882
974 2241 1159 2280 spectando
1183 2242 1358 2272 Ausonius
1382 2241 1471 2273 Lud.

142 2286 230 2326 Sept.
256 2286 338 2327 Sap.
367 2297 448 2326 131:
476 2287 708 2326 exspectando
728 2285 793 2317 cod.
824 2288 867 2324 xjv.
892 2295 924 2324 9,
949 2295 980 2324 p.
1009 2285 1066 2324 70)
1200 2285 1265 2324 889
1291 2291 1382 2316 esset
1406 2285 1473 2316 cod.

142 2330 208 2368 890
232 2330 381 2361 laruatus
397 2330 462 2361 cod.
555 2330 604 2361 vel
618 2331 766 2361 laruatus
789 2335 846 2359 aut
863 2329 1018 2359 cerritust
1150 2329 1210 2367 891
1239 2335 1384 2359 uetenus
1407 2328 1472 2360 cod.

143 2374 236 2412 (corr.
251 2374 313 2409 ΒΤ)
427 2375 491 2412 893
515 2375 673 2413 quideast
688 2374 753 2405 cod.
774 2376 812 2403 ut
825 2371 890 2403 vid.
911 2371 958 2413 (A
969 2376 1034 2412 pro
1052 2371 1101 2413 M)
1124 2372 1213 2411 sscorr.
1234 2370 1300 2413 ΒΕ)
1409 2373 1472 2412 894

143 2427 203 2448 eco
221 2417 285 2448 cod.
306 2418 346 2458 <C
358 2423 420 2458 pro
438 2418 489 2452 G;
514 2417 555 2448 vi.
577 2418 609 2457 1)
