1727 2712
638 97 900 136 EPIDICVS
1401 99 1430 137 1.
1451 99 1482 136 it

26 218 86 255 115
108 206 216 256 quod
237 205 416 244 danistae
435 207 559 253 detur,
583 207 690 245 unde
711 220 783 257 ego
804 207 900 246 illud
922 208 1070 259 sumpsi
1092 209 1260 248 faenore.

108 273 186 311 CH.
219 270 249 309 si
271 272 402 310 hercle
423 272 608 310 haberem
631 271 880 325 (pollicerer).
940 274 1003 311 ST.
1035 287 1126 311 nam
1149 273 1245 324 quid
1267 281 1304 313 tc
1326 273 1440 323 igitur

1310 338 1439 376 retulit

108 401 331 441 beneficum
353 415 438 441 esse
459 402 646 448 oratione,
671 402 701 440 si
722 402 773 440 ad
794 415 875 441 rem
900 403 1085 441 auxilium
1109 411 1330 442 emortuom
1353 405 1440 441 est?

108 467 186 506 CH.
218 466 314 517 quin
335 467 478 517 edepol
499 474 656 515 egomet
675 467 847 505 clamore
868 466 1034 513 differor,
1058 468 1274 517 difflagitor.
1460 483 1498 515 15

108 532 170 569 ST.
203 531 337 569 malim
358 530 580 570 istiusmodi
603 531 655 569 mi
675 531 825 570 amicos
845 532 960 570 forno
980 544 1170 570 occensos
1192 545 1311 582 quarn
1334 532 1428 570 foro.

25 611 89 636 120
106 597 176 634 sed
196 609 355 646 operam
378 596 535 646 Epidici
556 610 662 635 nunc
683 610 747 635 me
767 610 897 635 emere
917 596 1042 646 pretio
1062 597 1234 647 pretioso
1255 597 1384 636 uelim.

106 674 225 710 quem
247 661 408 711 quidem
430 674 503 710 ego
524 660 727 699 hominem
750 660 956 711 inrigatum
979 661 1101 711 plagis
1122 661 1257 712 pistori
1277 662 1394 709 dabo,

106 725 181 764 nisi
201 725 320 764 hodie
340 725 436 776 priu'
457 725 713 776 comparassit
734 725 830 764 mihi
851 726 1109 776 quadraginta
1130 726 1256 765 minas

107 804 226 841 quam
246 790 395 840 argenti
416 792 526 829 fuero
546 792 725 829 elocutus
746 790 781 829 ei
802 798 1042 841 postremam
1063 792 1264 841 syllabam.
1463 810 1503 833 20

109 857 177 894 ΕΡ.
211 857 318 893 salua
339 869 398 894 res
419 862 476 893 est
494 870 500 892 :
532 855 634 894 bene
654 855 858 905 promittit,
881 869 996 906 spero
1017 857 1188 895 seruabit
1209 859 1341 897 fidem.

23 931 84 968 125
107 920 191 959 sine
212 934 301 959 meo
321 928 480 971 sumptu
501 927 659 970 paratae
679 920 756 959 iam
779 929 869 959 sunt
889 921 1058 972 scapulis
1075 923 1287 971 symbolae.

105 986 310 1036 adgrediar
347 985 562 1024 hominem.
635 985 915 1025 aduenientem
964 1000 1122 1037 peregre
1170 1002 1279 1027 erum
1327 991 1440 1028 suom

680 1103 681 1106 Ἴ
1140 1053 1441 1105 Stratippoclem

106 1114 277 1166 impertit
292 1116 416 1154 salute
433 1128 567 1153 seruos
586 1115 808 1166 Epidicus?
864 1117 926 1154 ST.
952 1116 1019 1155 ubi
1041 1116 1072 1155 is
1093 1119 1181 1156 est?
1225 1120 1294 1156 ΕΡ.
1317 1121 1439 1158 adest.

107 1182 258 1218 saluom
274 1181 353 1218 huc
373 1179 629 1218 aduenisse-
640 1182 702 1218 ST.
736 1188 815 1218 tam
838 1180 907 1219 tibi
930 1181 1030 1219 istuc
1051 1183 1170 1220 credo
1191 1195 1309 1232 quam
1332 1184 1438 1222 mihi.
1463 1197 1501 1229 ²5

110 1246 179 1283 EP.
214 1245 367 1283 benene
396 1258 522 1295 usque
553 1245 742 1283 ualuisti?
799 1247 862 1284 ST.
894 1259 916 1284 a
939 1247 1078 1285 morbo
1099 1248 1215 1294 ualui,
1238 1248 1288 1286 ab
1308 1249 1442 1288 animo

1240 1327 1354 1364 aeger
1374 1315 1439 1353 fui.

22 1381 87 1416 130
107 1377 176 1413 ΕΡ.
208 1376 317 1425 quod
330 1377 381 1414 ad
395 1389 459 1414 me
474 1375 641 1423 attinuit,
658 1388 731 1426 ego
745 1376 877 1414 curaui
895 1393 901 1415 :
923 1378 1031 1426 quod
1047 1378 1242 1417 mandasti
1254 1377 1332 1431 (tu)
1346 1380 1440 1418 mihi

106 1441 356 1491 impetratum
379 1450 446 1480 est.
506 1449 639 1491 empta
660 1441 848 1489 ancillast,
873 1443 981 1492 quod
1003 1450 1085 1482 tute
1105 1444 1155 1482 ad
1177 1457 1239 1482 me
1259 1444 1404 1483 litteras

106 1505 386 1545 missiculabas.
459 1508 521 1545 ST.
563 1507 767 1557 perdidisti
803 1520 963 1545 omnem
996 1520 1167 1558 operam.
1242 1511 1310 1547 ΕΡ.
1348 1523 1440 1548 nam

1170 1574 1236 1624 qui
1258 1575 1440 1625 perdidi?

105 1637 167 1674 ST.
200 1636 291 1687 quia
312 1650 402 1676 meo
423 1650 553 1687 neque
573 1650 661 1675 cara
681 1645 739 1675 est
760 1637 869 1676 cordi
890 1651 1020 1688 neque
1040 1639 1178 1688 placet.
1240 1640 1308 1677 EP.
1341 1641 1437 1690 quid
1461 1652 1500 1682 30

1308 1706 1436 1744 retulit

104 1766 199 1805 mihi
220 1774 330 1805 tanto
351 1781 468 1817 opere
489 1775 526 1805 te
548 1769 735 1806 mandare
755 1776 793 1806 et
815 1767 967 1806 mittere
987 1770 1037 1807 ad
1059 1783 1122 1807 me
1142 1769 1358 1820 epistulas?

21 1836 83 1874 135
105 1833 167 1870 ST.
198 1831 303 1869 illam
320 1832 501 1870 amabam
517 1832 622 1879 olim,
638 1846 744 1870 nunc
761 1833 836 1870 iam
853 1833 928 1870 alia
948 1847 1039 1871 cura
1056 1833 1259 1883 impendet
1275 1836 1434 1885 pectori.

151 1945 211 1973 115
247 1936 347 1966 detur
377 1934 483 1965 Pius:
532 1937 630 1966 datur
661 1935 726 1967 cod.
883 1937 943 1967 116
977 1937 1159 1976 pollicerer
1189 1938 1266 1970 add.
1301 1940 1437 1971 Mueller

109 1978 169 2008 118
192 1978 371 2017 difflagitor
387 1977 547 2009 Skutsch:
572 1980 744 2018 diffatigor
759 1978 826 2009 cod.
968 1990 1028 2018 119
1052 1981 1101 2011 vel
1123 1982 1202 2012 mihi
1306 1994 1434 2015 mersos

104 2021 178 2052 Ital.
196 2033 202 2051 :
235 2032 373 2052 mensos
396 2021 459 2053 cad.
476 2034 481 2051 ;
497 2033 657 2055 occensos
679 2023 800 2053 Usener
822 2021 952 2057 (Rham.
979 2022 1067 2054 Mus.
1092 2024 1144 2062 56,
1174 2023 1228 2064 13)

103 2075 203 2103 quam
220 2071 253 2096 te
269 2065 340 2096 sore
356 2065 405 2095 Β3
425 2066 460 2104 (ἰ.
485 2067 516 2101 1)
624 2075 684 2095 120
708 2065 751 2095 mi
769 2065 909 2096 Redslob
1024 2077 1081 2106 124
1108 2069 1207 2099 fidem
1226 2068 1432 2102 Lambinus:

105 2109 193 2138 idem
217 2108 280 2139 cod.
309 2109 387 2150 (pro
411 2109 558 2147 eideml)
587 2108 631 2147 (E
654 2113 713 2148 pro
738 2108 778 2147 F)
932 2111 993 2140 126
1026 2121 1120 2141 suom
1148 2122 1213 2143 om.
1240 2112 1329 2151 lma,
1349 2114 1428 2154 fort.

105 2155 180 2182 recte
257 2162 315 2191 127
340 2152 488 2192 impertit
501 2152 558 2182 sal.
579 2150 698 2183 lVeise:
717 2151 843 2192 [salua]
860 2152 1009 2192 impertit
1023 2154 1082 2184 sal.
1097 2155 1161 2186 cod.
1178 2157 1234 2194 (iv.
1251 2156 1286 2194 35
1373 2159 1431 2188 128

104 2195 169 2225 huc
183 2194 320 2235 Seyffert
337 2208 343 2227 :
367 2202 400 2226 te
418 2196 549 2234 gaudeo
567 2195 630 2224 huc
647 2195 712 2225 cod.
735 2196 793 2234 (iv.
819 2196 851 2235 1>
981 2206 1042 2235 130
1066 2198 1114 2227 vel
1129 2200 1205 2230 med
1297 2201 1430 2232 manda-

105 2239 180 2268 uisti
196 2238 324 2278 Bentley
376 2244 410 2268 tu
426 2238 502 2270 add.
519 2236 655 2268 Mueller
744 2248 800 2278 131
828 2244 972 2279 emptast
986 2250 1013 2270 a.
1031 2240 1093 2271 cod.
