1727 2702
125 102 194 141 IV.
220 104 248 142 u
637 107 683 143 T.
719 106 898 145 MACCI
932 106 1135 144 PLAVTI

220 227 293 252 nec
314 213 428 253 uobis
448 222 583 252 auctor
604 215 705 252 ullus
725 222 783 253 est
804 227 878 253 nec
899 222 1054 253 uosmet
1075 213 1166 253 estis
1187 213 1265 253 ulli.

218 277 311 317 item
332 292 455 328 genus
476 286 534 316 est
556 278 757 317 lenonium
779 278 881 318 inter
902 279 1083 318 homines
1104 293 1194 318 meo
1214 278 1375 329 quidem
1396 277 1530 317 animo

217 351 259 381 ut
281 357 452 391 muscae,
472 343 629 390 culices,
652 344 810 382 cimices
832 345 1034 395 pedesque
1055 344 1307 394 pulicesque:
1565 349 1636 387 300

161 419 195 452 15
216 408 310 447 odio
330 415 368 446 et
389 410 493 447 malo
514 416 552 447 et
573 408 786 455 molestiae,
811 409 919 448 bono
939 409 1026 448 usui
1047 409 1139 448 estis
1159 408 1267 455 nulli,
1689 406 1700 415 ⁴

216 486 288 512 nec
310 472 516 512 uobiscum
538 473 746 524 quisquam
769 473 808 511 in
829 475 914 513 foro
934 473 1032 524 frugi
1053 473 1266 513 consistere
1285 473 1429 519 audet;

215 537 281 587 qui
303 537 488 585 constitit,
511 539 673 589 culpant
693 552 798 586 eum,
820 539 1073 589 conspicitur,
1093 539 1345 589 uituperatur‚

215 616 306 641 eum
327 602 408 641 rem
430 604 630 653 fidemque
650 604 824 655 perdere,
847 612 927 642 tam
948 604 1020 643 etsi
1041 604 1095 643 nil
1116 604 1220 652 fecit,
1240 603 1359 642 aiunt.

217 669 287 706 Lv.
318 669 460 719 edepol
481 670 644 708 lenones
666 682 755 708 meo
774 669 909 709 animo
930 669 1085 716 nouisti,
1109 671 1226 716 lusce,
1250 669 1390 720 lepide.
1565 677 1628 714 505
1683 718 1687 722 .

157 742 197 765 ²0
216 734 288 771 Cv.
320 734 461 771 eodem
485 733 614 772 he'rcle
635 747 706 773 uos
727 747 834 784 pono
855 742 893 773 et
914 747 1008 784 paro
1026 751 1032 773 :
1063 734 1267 786 parissumi
1290 733 1381 772 estis
1402 734 1540 772 bibus·
1679 727 1682 731 ⁸

215 797 253 835 hi
275 799 411 836 saltem
434 797 473 836 in
495 798 659 837 occultis
680 798 775 837 locis
797 807 986 850 prostant,
1009 812 1080 838 uos
1102 799 1140 837 in
1162 801 1247 838 foro
1266 798 1377 849 ipso;

214 875 285 901 uos
306 863 464 910 faenori,
490 862 527 901 hi
550 865 651 902 male
672 865 878 903 suadendo
898 871 938 903 et
958 863 1086 902 lustris
1108 865 1279 902 lacerant
1299 862 1490 902 homines.

213 927 464 978 rogitationes
486 930 686 979 plurumas
707 937 865 980 propter
885 943 957 968 uos
978 931 1148 980 populus
1169 929 1293 976 sciuit,

212 1006 309 1043 quas
330 1007 401 1032 uos
422 1001 573 1044 rogatas
594 993 772 1044 rumpitis
789 1009 795 1032 :
825 994 998 1044 aliquam
1020 993 1194 1045 reperitis
1214 994 1351 1033 rimam
1367 1009 1377 1041 ;
1562 1007 1631 1043 510

153 1068 191 1101 25
212 1058 323 1108 quasi
343 1072 486 1108 aquam
508 1060 726 1098 feruentem
746 1059 926 1110 frigidam
947 1073 1043 1107 esse,
1067 1059 1120 1098 ita
1140 1073 1212 1099 uos
1232 1059 1377 1110 putatis
1397 1060 1512 1109 leges.

213 1124 281 1161 Lv.
319 1123 487 1162 tacuisse
532 1125 753 1164 mauellem.
827 1126 900 1165 CA.
942 1126 1020 1164 hau
1060 1126 1162 1164 male
1201 1124 1388 1164 meditate
1427 1125 1542 1162 male-

1351 1189 1465 1228 dicax
1483 1201 1536 1227 es.

210 1254 282 1294 Cv.
314 1253 484 1305 indignis
506 1254 536 1293 si
558 1256 659 1293 male
680 1254 832 1303 dicitur,
857 1256 958 1294 male
978 1254 1129 1294 dictum
1150 1254 1191 1294 id
1210 1268 1296 1294 esse
1315 1253 1418 1301 dico,

209 1333 345 1358 uerum
367 1319 397 1357 si
419 1319 546 1370 dignis
567 1319 720 1367 dicitur,
744 1321 846 1359 bene
867 1320 1054 1359 dictumst
1076 1334 1165 1360 meo
1185 1320 1346 1371 quidem
1368 1320 1513 1359 animo.

208 1397 282 1434 ego
303 1398 538 1435 mancupem
561 1393 598 1423 tc
619 1385 671 1423 nil
694 1399 824 1424 moror
844 1399 918 1424 nec
938 1387 1122 1425 lenonem
1144 1386 1262 1425 alium
1284 1399 1535 1436 quemquam.
1558 1397 1624 1434 515

148 1462 191 1494 30
211 1450 328 1498 Lyco,
352 1449 547 1500 numquid
568 1449 656 1488 uis?
713 1451 782 1488 Lv.
814 1451 914 1490 bene
936 1452 1034 1489 uale.
1093 1452 1166 1492 CV.
1189 1452 1285 1490 uale.
1346 1452 1417 1490 CA.
1441 1451 1539 1489 heus

1150 1523 1190 1554 tu
1208 1518 1214 1553 1
1250 1515 1319 1558 tibi
1341 1529 1414 1566 ego
1434 1515 1535 1555 dico.

209 1580 283 1619 Cv.
314 1581 508 1630 eloquere,
536 1579 630 1630 quid
659 1579 748 1619 uis?
805 1581 878 1621 CA.
912 1594 1060 1631 quaeso
1092 1588 1134 1620 ut
1167 1582 1268 1619 hanc
1297 1593 1408 1618 cures
1435 1580 1538 1619 bene

1368 1644 1440 1684 siet
1461 1644 1535 1684 isti.

209 1709 310 1749 bene
336 1723 410 1760 ego
436 1709 548 1748 istam
577 1709 693 1749 eduxi
715 1724 825 1750 meae
851 1710 961 1750 domi
989 1719 1026 1750 et
1053 1710 1207 1762 pudice.
1265 1712 1337 1751 Cv.
1370 1710 1400 1748 si
1421 1709 1538 1749 huius

1368 1774 1538 1822 miseret,

207 1839 350 1890 ecquid
371 1840 441 1878 das
461 1839 527 1890 qui
550 1841 652 1879 bene
672 1839 749 1878 sit?
797 1842 868 1880 CA.
893 1842 1050 1880 malum.
1101 1842 1173 1880 Cv.
1197 1839 1266 1878 tibi
1288 1847 1403 1890 opust
1425 1837 1536 1892 [hoc]

1193 1905 1258 1955 qui
1281 1913 1318 1943 te
1339 1918 1532 1955 procures.

208 1971 279 2010 CA.
302 1970 398 2020 quid
419 1972 536 2009 stulta
557 1973 715 2022 ploras?
745 1986 794 2010 ne
811 1972 915 2019 time,
932 1972 1033 2011 bene
1049 1972 1180 2010 hercle
1201 1969 1362 2010 uendidi
1383 1983 1456 2020 ego
1472 1976 1510 2008 te
1525 1983 1534 2017 5
1554 1980 1623 2017 520

148 2045 188 2077 35
207 2036 266 2074 sac
287 2035 338 2073 sis
358 2036 487 2074 bonae
508 2035 604 2085 frugi
627 2036 712 2083 sies
736 2050 898 2087 sequere
920 2036 1036 2075 istum
1059 2037 1161 2075 bella
1181 2036 1293 2075 belle.

250 2149 315 2179 500
343 2140 480 2171 cimices
501 2140 566 2172 cod.
594 2141 679 2171 Festa·
700 2151 786 2172 210:
810 2152 874 2172 om.
895 2141 961 2173 cod.
985 2141 1044 2182 (iii.
1070 2141 1121 2181 11)
1321 2149 1384 2179 507
1410 2138 1476 2170 His
1503 2138 1536 2170 B

207 2183 258 2223 (in
282 2183 448 2224 archetypo
472 2188 541 2214 erat
565 2184 618 2214 his
643 2184 762 2219 altem:
799 2187 842 2214 ita
870 2184 915 2223 V)
1050 2195 1132 2215 uoro
1152 2183 1216 2215 cod.
1238 2183 1282 2225 (v.
1306 2184 1361 2222 ιο)
1387 2182 1476 2223 (soro
1489 2181 1532 2221 J)

207 2227 270 2264 508
293 2228 348 2257 vix
362 2227 539 2258 suadendo
629 2227 783 2258 homines
800 2232 874 2258 anu·
890 2229 923 2258 hi
939 2228 1042 2259 colloc.
1061 2227 1184 2268 Ussing
1360 2235 1424 2266 513
1447 2226 1533 2256 duco

206 2269 395 2300 Lambinus
543 2280 605 2309 517
631 2271 673 2301 sit
690 2271 754 2302 cod.
774 2283 780 2302 ε
805 2270 879 2313 (ei)
895 2272 938 2302 sit
962 2271 1098 2302 Mueller
1118 2271 1250 2313 (Rhein.
1272 2269 1360 2301 Mus.
1382 2279 1433 2308 54,
1451 2268 1530 2308 389)

207 2313 291 2344 bene
317 2325 380 2344 non
389 2313 569 2352 fircndum
658 2314 737 2357 (ut)
763 2315 849 2345 bene
865 2313 1005 2354 Pylades
1151 2324 1215 2355 519
1238 2315 1302 2345 hoc
1317 2312 1377 2345 del.
1396 2310 1534 2352 Pylades
