1727 2712
678 121 1026 160 AMPHITRVO
1477 120 1508 156 I.
1529 118 1543 155 i

186 240 268 277 ΜΕ.
301 237 398 288 quid
427 236 459 275 si
485 249 560 286 ego
589 234 699 273 illum
734 233 887 272 tractim
918 240 1087 282 tangam,
1120 239 1162 269 ut
1192 230 1390 269 dormiat?
1446 232 1510 268 So.

1287 294 1513 342 seruaueris,

184 382 276 407 nam
297 368 505 407 continuas
526 368 596 405 has
618 365 684 404 tris
706 371 843 403 noctes
864 362 1103 414 peruigilaui.
1165 363 1249 400 ΜΕ.
1284 367 1514 411 pessumest,

94 442 158 479 315
184 433 350 472 facimus
370 432 559 483 nequiter,
584 431 695 470 ferire
717 431 860 468 malam
882 430 984 467 male
1005 427 1121 467 discit
1142 439 1282 465 manus
1300 440 1310 473 3

183 499 259 538 alia
279 500 404 537 forma
431 497 434 548 Ι
460 511 546 537 esse
566 503 722 547 oportet
742 508 862 545 quem
884 501 925 532 tu
947 506 1081 544 pugno
1101 491 1250 543 legeris.

183 565 249 603 So.
290 563 368 602 illic
389 564 512 601 homo
533 576 595 600 me
617 559 870 611 interpolabit
891 572 1105 608 meumque
1126 571 1170 596 os
1191 558 1311 608 finget
1332 557 1476 595 denuo.
1539 560 1599 601 165

187 630 270 667 ΜΕ.
302 635 526 667 exossatum
547 640 591 666 os
611 639 697 665 esse
717 632 873 676 oportet
893 637 1013 675 quem
1034 623 1158 674 probe
1178 620 1425 673 percusseris.

186 696 251 732 So.
283 693 425 732 mirum
447 692 487 731 ni
508 692 572 731 hic
593 705 656 730 me
677 690 789 741 quasi
810 703 1016 728 murenam
1037 688 1217 727 e'xossare
1238 687 1393 738 cogitat.

94 775 164 809 320
186 760 288 797 ultro
308 758 438 797 istunc
459 757 526 808 qui
547 764 702 796 exossat
723 755 906 795 homines
927 758 933 793 !
973 754 1069 806 perii
1090 753 1121 792 si
1143 767 1206 792 me
1226 751 1429 804 aspexerit.

189 826 272 863 ME.
310 825 391 863 olet
418 823 540 863 homo
570 822 735 873 quidam
766 822 871 860 malo
905 834 988 860 suo.
1057 821 1124 858 So.
1155 819 1200 866 ei,
1228 818 1419 858 numnam
1447 831 1520 867 ego

1355 882 1520 922 obolui?

189 956 271 993 ΜΕ.
302 962 422 1006 atque
457 955 535 993 hau
574 954 690 1004 longe
723 952 863 991 abesse
897 958 1063 1002 oportet,
1100 963 1238 989 uerum
1278 951 1394 999 longe
1429 948 1604 993 hin0170

1411 1013 1518 1052 afuit.

186 1087 252 1125 So.
284 1085 362 1124 illic
382 1085 505 1123 homo
526 1082 846 1134 superstitiosust.
908 1083 991 1120 ΜΕ.
1023 1080 1195 1131 gestiunt
1216 1079 1336 1131 pugni
1358 1078 1464 1117 mihi.

187 1155 252 1192 So.
285 1152 317 1192 si
348 1152 388 1190 in
413 1166 476 1191 me
506 1151 768 1198 exercsturu's,
799 1162 948 1200 quaeso
979 1149 1019 1187 in
1051 1147 1240 1199 parietem
1275 1154 1317 1184 ut
1351 1145 1521 1196 primum

1368 1212 1519 1249 domes.

95 1295 162 1332 325
191 1285 274 1322 ME.
315 1297 393 1322 uox
423 1282 476 1321 mi
505 1283 556 1322 ad
587 1281 690 1321 auris
727 1279 942 1320 aduolauit.
1013 1281 1076 1318 So.
1119 1278 1169 1318 ne
1203 1291 1276 1329 ego
1307 1278 1430 1316 homo
1469 1276 1522 1315 in-

1348 1341 1438 1381 felix
1468 1341 1521 1381 fui

189 1414 256 1464 qui
278 1427 358 1452 non
379 1414 459 1451 alas
481 1411 698 1451 interuelli:
728 1412 931 1450 uolucrem
953 1423 1094 1449 uocem
1115 1408 1267 1459 gestito.

191 1481 274 1518 ΜΕ.
307 1479 385 1517 illic
406 1480 528 1517 homo
548 1492 571 1516 a
592 1492 655 1516 me
676 1476 750 1516 sibi
772 1478 915 1515 malam
937 1490 1019 1515 rem
1039 1475 1200 1514 arcessit
1220 1474 1399 1513 iumento
1420 1487 1501 1512 suo.
1547 1486 1606 1520 175

190 1547 254 1584 So.
287 1558 368 1583 non
403 1543 589 1594 equidem
624 1544 748 1582 ullum
783 1543 913 1581 habeo
953 1541 1184 1580 iumentum.
1247 1541 1329 1578 ΜΕ.
1362 1553 1524 1578 oneran-

1049 1607 1123 1645 dus
1145 1614 1203 1644 est
1224 1604 1365 1656 pugnis
1387 1605 1522 1655 probe.

191 1677 255 1715 So.
287 1676 411 1713 lassus
442 1688 529 1713 sum
560 1674 690 1712 hercle
719 1688 741 1713 e
771 1672 874 1721 naui,
907 1680 949 1711 ut
978 1679 1116 1711 uectus
1146 1673 1225 1710 huc
1254 1684 1366 1709 sum:
1405 1669 1523 1708 etiam

1214 1749 1321 1774 nune
1351 1748 1526 1782 nauseo3

99 1818 168 1854 330
191 1804 255 1843 uix
277 1804 419 1843 incedo
441 1803 580 1850 inanis,
603 1817 653 1842 ne
674 1802 728 1842 ire
749 1817 865 1854 posse
886 1816 977 1841 cum
999 1815 1118 1841 onere
1138 1800 1361 1840 existumes.

194 1871 276 1908 ME.
309 1876 413 1908 certe
443 1868 549 1907 enirn
580 1868 644 1907 hic
673 1868 899 1918 nescioquis
926 1867 1109 1918 loquitur.
1169 1868 1233 1906 So.
1267 1867 1397 1904 saluos
1424 1879 1523 1912 sum,

1207 1946 1289 1971 non
1310 1946 1373 1970 me
1394 1931 1502 1970 uidet
1519 1946 1526 1970 :

195 2006 204 2023 ‘
219 2002 500 2053 nescioquem’
521 2000 629 2052 loqui
650 2008 852 2048 autumatg
883 1999 979 2038 mihi
1000 2006 1107 2038 certo
1128 2012 1275 2037 nomen
1297 1996 1478 2036 Sosiaest.
1550 2004 1610 2034 180

194 2069 277 2106 ME.
309 2067 402 2106 hinc
440 2066 547 2106 enim
586 2065 683 2104 mihi
721 2067 856 2104 dextra
893 2079 971 2104 uox
1009 2064 1122 2110 auris,
1158 2072 1199 2101 ut
1239 2062 1405 2109 uidetur,
1446 2074 1527 2099 uer-

1404 2127 1523 2165 berat.

234 2245 298 2276 315
323 2236 464 2267 facimus
484 2235 567 2266 Leo:
594 2234 722 2265 facinus
738 2232 803 2264 cod.
896 2235 961 2271 316
976 2233 1056 2271 fort.
1079 2241 1155 2262 eum
1173 2242 1250 2262 esse
1271 2240 1324 2269 op.
1342 2230 1523 2269 (chom‘u⁴

192 2278 277 2311 Phil.
294 2281 347 2320 26,
369 2282 447 2319 295]
540 2289 656 2318 pugne
677 2277 817 2317 Pylades
906 2277 1025 2307 ieceris
1050 2275 1201 2305 Pan-eus:
1226 2274 1379 2313 tetigeris
1406 2274 1528 2314 Ussing

193 2334 258 2364 319
282 2334 325 2354 ne
341 2322 406 2354 cod.
541 2332 606 2360 320
629 2323 715 2352 istuc
729 2321 794 2352 cod.
886 2330 947 2360 321
974 2321 1030 2350 vix
1045 2322 1107 2349 suo
1198 2319 1226 2349 ei
1246 2318 1325 2348 mihi
1344 2328 1374 2348 n.
1387 2317 1527 2356 Pylades

194 2377 257 2406 322
282 2368 334 2398 hic
351 2366 429 2396 PBD
518 2366 613 2396 affuit
630 2365 694 2397 cod.
809 2365 873 2403 328
898 2364 947 2394 vel
956 2363 1165 2394 onerandust
1284 2371 1348 2400 333
1372 2372 1390 2391 a
1408 2361 1526 2391 dextra

195 2421 262 2442 uox
278 2409 492 2442 Lindemann
507 2421 514 2440 :
539 2420 606 2440 uox
623 2410 766 2440 dextera
785 2407 928 2447 Guietus,
948 2407 1067 2447 quibus
1083 2406 1204 2436 dextra
1221 2404 1348 2436 adverb.
1367 2404 1506 2445 displicet
