1727 2712
753 94 983 133 CAPTIVI
1459 93 1537 130 III.
1559 92 1606 128 iv

201 218 331 243 meam
351 217 432 243 rem
454 218 535 243 non
555 216 677 250 cures,
701 203 732 241 si
753 210 858 241 recte
878 202 1010 241 facias.
1049 216 1145 241 num
1167 216 1240 252 ego
1261 216 1355 241 curo
1374 205 1513 241 tuam?

204 273 284 309 ΗΕ.
316 270 439 308 fuitne
460 269 552 308 huic
573 277 682 319 pater
701 268 1406 318 Thensaurochrysonicochrysides?
1564 284 1622 306 100

202 338 280 374 AR.
312 349 393 374 non
414 335 496 382 fuit,
520 348 649 385 neque
676 347 750 384 ego
776 333 877 372 istuc
901 346 1049 372 nomen
1077 347 1266 384 umquam
1293 333 1428 372 audiui
1448 340 1540 372 ante

1294 400 1400 437 hunc
1421 399 1538 438 diem.

113 470 180 514 635
203 466 414 504 Philocrati
434 465 788 504 Theodoromedes
810 463 881 502 fuit
902 471 1021 514 pater.
1081 466 1153 502 ΤΥ.
1186 478 1304 514 pereo
1324 465 1457 514 probe.

200 531 295 582 quin
317 531 485 581 quiescis
506 531 723 569 dierectum
744 543 812 568 cor
832 544 965 568 meum
982 531 998 568 ?
1027 544 1073 568 ac
1094 531 1292 580 suspende
1312 537 1360 568 te.

198 605 240 635 tu
262 598 460 643 sussultas,
484 610 556 645 ego
578 596 694 634 miser
715 595 779 633 uix
799 603 885 633 asto
906 609 997 645 prae
1019 595 1238 634 formidine.

200 664 280 701 HE.
313 662 414 700 satin
434 662 534 700 istuc
559 661 655 700 mihi
682 660 919 712 exquisitum
944 669 1013 708 est,
1037 661 1157 699 fuisse
1183 662 1289 700 hunc
1316 675 1471 700 seruom
1499 661 1539 700 in
1564 677 1622 710 105

1423 728 1541 766 Alide

199 806 329 844 neque
350 806 435 832 esse
462 794 568 832 hunc
596 793 891 832 Philocratem?
947 795 1024 831 AR.
1058 800 1138 831 tam
1169 793 1251 831 sati'
1281 806 1400 843 quam
1431 806 1541 830 num-

978 872 1097 909 quam
1119 860 1195 896 hoc
1216 858 1394 897 inuenies
1416 871 1538 896 secus.

111 929 183 973 640
199 926 269 963 sed
300 924 368 963 ubi
392 924 423 962 is
447 938 554 963 nunc
581 926 672 963 est?
729 926 809 962 ΗΕ.
842 923 910 962 ubi
935 936 1008 973 ego
1034 923 1196 962 minime
1222 932 1341 973 atque
1366 923 1472 973 ipsus
1499 936 1540 961 se

1243 991 1325 1027 uolt
1346 1002 1538 1026 maxume.

198 1063 282 1093 tum
304 1055 419 1105 igitur
439 1068 513 1105 ego
533 1055 826 1102 deruncinatus‚
851 1056 1078 1093 deartuatus
1100 1069 1186 1093 sum
1209 1054 1325 1093 miser

199 1120 315 1158 huius
336 1120 491 1158 scelesti
512 1120 693 1169 techinis,
715 1120 782 1170 qui
804 1134 867 1158 me
889 1128 931 1158 ut
951 1120 1121 1158 lubitum
1144 1128 1201 1158 est
1222 1120 1399 1158 ductauit
1424 1120 1536 1158 dolis.

198 1187 268 1224 sed
298 1185 391 1224 uide
417 1187 479 1224 sl'S.
539 1188 618 1224 AR.
649 1186 746 1236 quin
773 1187 1017 1235 exploratum
1049 1185 1141 1223 dico
1168 1193 1206 1223 et
1233 1185 1435 1235 prouisum
1463 1187 1540 1223 hoc
1564 1199 1623 1220 110

1456 1250 1538 1288 tibi.

201 1317 282 1353 HE.
314 1317 484 1353 certon?
540 1317 617 1353 AR.
649 1315 745 1366 quin
772 1315 884 1363 nihil,
911 1315 1085 1365 inquam,
1109 1315 1287 1354 inuenies
1317 1315 1439 1366 magis
1464 1317 1540 1354 hoc

1257 1389 1364 1420 certo
1384 1381 1537 1420 certius.

112 1450 178 1494 645
202 1446 445 1484 Philocrates
466 1445 543 1483 iam
566 1445 659 1484 inde
681 1459 807 1495 usque
827 1445 977 1484 amicus
999 1447 1069 1484 fuit
1092 1446 1187 1484 mihi
1210 1460 1232 1485 a
1252 1460 1374 1497 puero
1395 1460 1501 1497 puer.

203 1513 282 1549 ΗΕ.
316 1512 386 1550 sed
416 1525 494 1561 qua
524 1511 658 1549 faciest
686 1513 765 1550 tuo’
793 1511 939 1550 sodalis
971 1512 1245 1550 Philocrates?
1302 1514 1378 1550 AR.
1410 1512 1541 1550 dicam

1444 1577 1514 1615 tibi
1534 1592 1541 1615 :

200 1641 411 1679 macilento
432 1655 509 1689 ore,
533 1655 630 1680 naso
650 1649 777 1689 acum,
802 1655 965 1692 corpore
985 1643 1088 1690 albo,
1111 1643 1236 1681 oculis
1257 1643 1385 1694 nigris,

200 1707 383 1745 subrufus
404 1707 661 1756 aliquantum,
683 1707 845 1757 crispus,
869 1707 1128 1746 cincinnatus.
1190 1710 1270 1747 HE.
1303 1709 1500 1747 conuenit.
1563 1722 1622 1753 115

200 1774 272 1810 ΤΥ.
306 1779 348 1810 ut
378 1772 540 1822 quidem
565 1773 696 1811 hercle
720 1772 760 1811 in
786 1773 962 1811 medium
991 1787 1064 1823 ego
1094 1774 1214 1813 hodie
1244 1788 1428 1825 pessume
1457 1788 1542 1824 pro-

1345 1840 1539 1878 cesserim.

112 1909 184 1954 650
202 1902 275 1941 uae
296 1903 370 1941 illis
391 1904 508 1953 uirgis
530 1903 692 1951 miseris,
715 1918 817 1954 quae
838 1905 958 1944 hodie
979 1905 1018 1943 in
1041 1913 1149 1955 tergo
1171 1905 1386 1944 morientur
1406 1919 1507 1944 meo.

204 1970 283 2006 ΗΕ.
316 1969 437 2007 uerba
462 1969 557 2007 mihi
588 1971 680 2008 data
706 1983 791 2009 esse
818 1970 947 2009 uideo.
1007 1973 1042 2008 T
1046 1983 1079 2008 v.
1113 1971 1208 2020 quid
1236 1971 1406 2017 cessatis,
1437 1984 1541 2008 com-

1404 2037 1538 2085 pedes,

201 2112 353 2138 currere
373 2100 424 2138 ad
445 2113 509 2138 me
530 2113 697 2150 meaque
717 2101 901 2151 amplecti
922 2115 1043 2149 crura,
1067 2109 1108 2140 ut
1131 2115 1202 2139 uos
1223 2101 1474 2140 custodiam?

245 2204 309 2240 632
334 2208 391 2234 tua
408 2204 472 2235 cod.
489 2204 594 2243 (tuam
612 2204 675 2245 PJ)
764 2206 830 2244 636
854 2216 913 2236 cor
928 2207 1062 2236 meum?
1089 2206 1096 2235 i
1115 2207 1145 2236 d.
1167 2206 1208 2245 (Ζ)
1227 2205 1294 2235 Leo
1380 2207 1456 2243 641,
1472 2206 1536 2244 642

212 2250 272 2275 ,ost
286 2248 348 2285 645
366 2247 458 2278 colloc
468 2252 493 2277 1t
508 2247 592 2278 Brix
722 2249 783 2287 641
811 2254 1006 2280 erumnatus
1024 2249 1101 2279 pm>
1121 2252 1202 2289 (non
1218 2249 1287 2287 ΡΑ)
1306 2260 1312 2278 :
1338 2249 1537 2279 deunciatus

202 2288 288 2319 codd.
309 2289 459 2329 Nonii95
559 2294 621 2330 644
640 2292 695 2331 qui
709 2292 773 2323 cod.
790 2294 885 2332 (quin
898 2292 957 2328 PJ)
1059 2295 1121 2332 647
1147 2291 1253 2322 oculis
1267 2292 1409 2331 Gm'etus,
1426 2303 1534 2323 secun-

201 2331 285 2363 dum
304 2344 426 2364 morem
444 2334 641 2365 Plautinum
658 2346 664 2365 ε
699 2336 763 2376 ῥεῖ]
783 2337 887 2367 oculis
904 2337 969 2368 cod.
