1727 2712
632 425 1060 473 PROLOGVS

179 563 269 601 Hos
288 575 388 613 quos
409 562 552 601 uidetis
572 570 673 601 stare
693 562 756 601 hic
777 563 956 613 captiuos
976 565 1088 610 duos,

177 628 231 666 illi
252 628 344 679 quia
363 636 502 676 astant,
525 628 565 666 hi
586 636 689 667 stant
709 629 840 675 ambo,
864 643 944 667 non
966 630 1130 676 sedent3

177 694 254 732 hoc
273 707 345 732 uos
366 693 462 731 mihi
482 701 601 732 testes
620 693 712 732 estis
734 707 797 732 me
817 708 954 732 uerum
974 693 1093 744 loqui.

177 771 295 797 senex
316 757 383 808 qui
404 758 468 797 hic
489 758 640 797 habitat
662 758 795 809 Hegio
816 766 874 797 est
895 758 1025 797 huiius
1046 766 1164 809 pater.

138 833 156 870 5
177 824 247 862 sed
268 823 299 861 is
320 837 400 873 quo
421 831 538 874 pacto
558 823 701 862 seruiat
722 837 794 862 suo
815 823 889 862 sibi
909 824 1019 874 patri,
1536 840 1553 873 5

176 886 216 925 id
237 901 310 938 ego
331 887 395 926 hic
415 889 522 938 apud
543 902 615 927 uos
636 889 858 939 proloquar,
881 887 912 926 si
933 901 1093 939 operam
1113 889 1226 928 datis.

176 951 259 990 seni
280 953 372 991 huic
392 954 549 991 fuerunt
569 952 636 991 filii
658 953 739 991 nati
759 954 866 1001 du03

174 1019 339 1056 alterum
361 1017 612 1069 quadrimum
635 1031 801 1069 puerum
823 1032 957 1058 seruos
978 1019 1129 1069 surpuit

175 1096 347 1133 eumque
367 1083 460 1122 hinc
480 1083 705 1134 profugiens
726 1083 908 1123 uendidit
928 1084 967 1122 in
988 1084 1105 1123 Alide

114 1164 158 1190 10
175 1148 273 1199 patri
299 1148 303 1199 Ι
330 1148 518 1188 huiiusce.
582 1148 659 1187 iam
681 1150 757 1188 hoc
778 1149 948 1188 tenetis?
1004 1157 1214 1201 optumest.
1535 1165 1573 1187 10

174 1220 290 1263 negat
310 1214 440 1252 hercle
460 1214 538 1252 illic
560 1215 744 1253 ultumus.
803 1214 993 1254 accedito.

175 1278 205 1317 si
226 1293 307 1318 non
327 1279 395 1318 ubi
416 1280 554 1318 sedeas
576 1281 687 1318 locus
708 1288 776 1326 est,
799 1287 857 1318 est
878 1279 945 1318 ubi
966 1280 1156 1327 ambules,

174 1345 335 1395 quando
356 1344 586 1384 histrionem
607 1344 715 1396 cogis
736 1344 1003 1384 mendicarier.

175 1424 247 1461 ego
267 1425 331 1450 me
351 1418 418 1449 tua
437 1424 589 1459 caussa,
610 1425 660 1450 ne
680 1424 794 1458 erres,
816 1425 896 1450 non
917 1413 1091 1462 rupturu'
1112 1425 1210 1450 sum.

113 1485 152 1522 15
173 1489 246 1514 uos
266 1475 333 1526 qui
353 1476 516 1526 potestis
537 1489 614 1525 ope
634 1483 766 1514 uostra
786 1476 979 1516 censerier
1533 1492 1570 1524 ¹5

173 1541 338 1591 accipite
359 1541 547 1580 relicuom
565 1557 571 1579 ;
601 1541 731 1580 alieno
751 1541 807 1580 uti
828 1541 882 1580 nil
901 1556 1042 1581 moror.

173 1606 358 1656 fugitiuos
378 1606 452 1652 ille,
477 1614 519 1644 ut
542 1606 716 1645 dixeram
738 1615 841 1654 ante,
864 1607 994 1646 huiius
1014 1607 1113 1658 patri

173 1673 296 1713 domo
315 1673 434 1724 que'm
455 1673 681 1724 profugiens
704 1672 912 1712 dominum
932 1674 1145 1724 apstulerat
1166 1672 1357 1712 uendidit.

172 1737 204 1777 is
225 1747 434 1790 postquam
456 1741 562 1777 hunc
583 1738 689 1785 emit,
713 1738 823 1777 dedit
843 1751 934 1776 eum
955 1738 1047 1776 huic
1067 1745 1187 1788 gnato
1207 1752 1280 1777 suo

109 1817 155 1842 20
171 1805 420 1854 peculiarem,
444 1805 536 1856 quia
556 1804 668 1855 quasi
690 1817 768 1842 una
787 1811 894 1842 aetas
915 1811 1005 1842 erat.
1531 1814 1571 1836 20

171 1869 235 1908 hic
254 1884 361 1909 nunc
382 1871 491 1910 domi
513 1870 632 1909 se'ruit
653 1883 726 1908 suo
748 1868 858 1920 patri,
880 1882 955 1907 nec
976 1868 1048 1907 scit
1068 1876 1202 1919 pater;

170 1934 275 1973 enim
296 1949 391 1975 uero
409 1936 451 1975 di
473 1950 545 1975 nos
567 1935 677 1986 quasi
700 1934 799 1985 pilas
820 1934 1003 1973 homines
1023 1934 1183 1973 habent.

170 2000 360 2040 rationem
381 2001 545 2048 habetis,
569 2015 650 2052 quo
672 2002 794 2040 modo
815 2014 939 2038 unum
959 1998 1143 2038 amiserit.

169 2074 379 2118 postquam
399 2067 629 2118 belligerant
651 2066 782 2106 Aetoli
804 2081 894 2106 cum
921 2066 926 2118 Ι
953 2065 1072 2114 Aleis,

212 2180 231 2199 2
254 2171 310 2210 qui
335 2176 446 2201 astant
471 2170 534 2202 cod.
643 2171 695 2212 hi]
713 2171 764 2202 vel
778 2171 786 2200 i
924 2180 964 2201 10
988 2171 1127 2202 hu'i'usce
1144 2171 1200 2201 vix
1213 2169 1393 2210 serendum
1410 2181 1416 2201 t
1424 2171 1506 2211 sort.

170 2213 321 2245 huiiusce
331 2215 477 2245 hominis
490 2215 550 2253 (iii.
568 2226 597 2254 p.
614 2216 671 2253 515
755 2219 931 2254 optumum
945 2220 997 2245 est
1008 2214 1074 2245 cod.
1086 2213 1247 2253 (utStr'ch.
1260 2224 1323 2254 537
1335 2220 1508 2254 optumum

171 2262 222 2287 est
235 2263 297 2297 pro
311 2263 494 2298 optumest,
527 2269 588 2289 120
611 2259 782 2289 minimum
809 2264 861 2289 est
880 2265 940 2299 pro
960 2258 1148 2297 minimest)
1169 2259 1219 2296 (cs
1237 2256 1409 2289 adBacch.
1428 2259 1508 2298 502)

173 2309 208 2331 11
235 2301 406 2333 abscedite
424 2301 509 2333 Rost
674 2303 712 2332 18
737 2302 926 2342 profugens
951 2302 1029 2332 PBD
1058 2301 1188 2341 (etfort.
1212 2301 1300 2338 cod.)
1320 2302 1375 2340 (vi,
1396 2312 1426 2341 p.
1447 2302 1509 2343 86)

173 2354 211 2382 19
235 2345 263 2375 is
280 2344 452 2375 Fleckeisen
469 2358 475 2377 ε
500 2346 554 2376 hic
571 2345 630 2376 cod
644 2347 720 2386 (pro
735 2346 799 2384 his,
820 2346 870 2377 tle.
891 2346 919 2376 is
931 2346 956 2385 ἒ)
1101 2355 1143 2376 22
1168 2344 1255 2376 enim
1271 2344 1431 2384 Pylades:
1456 2350 1509 2376 est

168 2387 232 2419 cod.
324 2398 365 2427 24
388 2389 487 2420 alidis
503 2387 567 2420 cod.
589 2389 699 2428 (etiam
716 2389 783 2429 ΡΑ)
806 2389 858 2430 [cf.
877 2399 926 2420 vv.
947 2399 997 2428 59,
1017 2389 1073 2428 93)
