1676 2722
610 144 960 184 AMPHITRVO
1478 157 1594 186 paor„

60 264 102 302 55
123 254 332 294 comoedia
361 262 403 292 ut
432 254 481 293 sit
510 253 697 293 omnibus
727 253 853 292 isdem
884 254 1076 294 uorsibus.
1475 271 1516 303 55

123 327 253 358 utrum
283 319 331 358 sit
360 333 410 357 an
441 333 521 358 non
552 312 699 357 uoltis?
739 320 809 357 sed
839 332 912 369 ego
941 320 1105 366 stultior,

122 384 234 434 quasi
263 385 435 423 nesciam
466 398 538 423 uos
567 385 680 431 uelle,
712 383 780 434 qui
810 384 926 423 diuos
955 384 1063 423 siem.

120 457 238 488 teneo
267 449 364 500 quid
393 449 514 488 animi
544 449 665 488 uostri
695 463 812 500 super
842 450 916 488 hac
945 463 985 489 re
1014 450 1111 489 siet:

119 514 260 552 faciam
289 522 332 553 ut
361 514 574 553 commixta
603 514 652 553 sit
668 529 678 562 3
715 513 801 566 (sit)
829 513 1244 568 tragico[co]moedia;

53 581 102 616 60
119 594 211 619 nam
241 594 305 619 me
334 588 525 631 perpetuo
554 582 682 620 faeere
711 588 755 619 ut
783 581 832 619 sit
863 581 1083 627 comoedia,
1474 593 1517 625 60

118 659 227 696 reges
256 660 336 696 quo
366 646 526 684 ueniant
556 654 595 685 et
624 646 676 693 di,
709 660 789 686 non
819 660 888 697 par
917 646 1091 685 arbitror.

119 711 215 762 quid
244 710 388 761 igitur?
418 711 607 761 quoniam
638 711 702 750 hic
732 725 868 750 seruos
898 724 1058 761 quoque
1087 711 1206 761 partis
1236 711 1367 757 habet,

121 775 261 814 faciam
291 775 350 823 sit,
381 775 549 826 proinde
579 784 621 814 ut
651 776 742 823 dixi,
774 774 1181 829 tragicosco]moedia.

119 853 226 878 nunc
255 841 332 880 hoc
362 854 425 879 me
455 855 563 879 orare
592 855 615 879 a
644 841 759 880 uobis
789 840 900 879 iussit
931 840 1109 891 Iuppiter

52 908 96 952 65
119 912 162 943 ut
191 905 463 956 conquistores
493 905 646 956 singula
675 906 714 944 in
745 905 932 944 subsellia
1474 913 1516 956 65

119 977 210 1008 eant
239 983 308 1019 per
337 978 460 1009 totam
490 984 653 1009 caueam
684 970 982 1020 spectatoribus,

119 1033 151 1072 si
180 1034 274 1084 quoi
303 1034 488 1074 fauitores
517 1036 719 1085 delegatos
749 1035 931 1083 uiderint,

118 1106 160 1137 ut
190 1098 221 1138 is
250 1099 290 1138 in
320 1113 442 1138 cauea
471 1100 612 1150 pignus
643 1100 847 1150 capiantur
876 1109 1016 1151 togae;

117 1162 201 1203 siue
231 1163 298 1214 qui
327 1165 543 1204 ambissent
573 1167 746 1215 palmam
774 1164 870 1217 (his)
899 1165 1156 1205 histrionibus

54 1241 100 1275 70
118 1241 188 1267 seu
218 1228 433 1279 quoiquam
464 1229 602 1268 artifici
633 1230 718 1280 (seu
748 1244 818 1280 per
846 1230 1009 1280 scriptas
1039 1230 1185 1270 litteras
1477 1247 1516 1281 70

119 1306 188 1331 seu
218 1293 285 1344 qui
314 1293 398 1343 ipse
427 1294 615 1333 ambisset
645 1308 714 1333 seu
744 1308 813 1345 per
842 1295 1157 1346 internuntium),

118 1357 202 1396 siue
230 1359 332 1397 adeo
360 1359 508 1397 aediles
538 1359 748 1409 perfidiose
778 1359 873 1410 quoi
903 1359 1028 1407 duint,

117 1422 305 1473 sirempse
335 1425 460 1474 legem
490 1423 602 1462 iussit
631 1438 717 1463 esse
748 1424 936 1474 Iuppiter,

117 1487 229 1537 quasi
259 1488 527 1539 magistratum
558 1489 633 1527 sibi
661 1489 823 1528 alteriue
852 1489 1070 1528 ambiuerit.

52 1567 95 1604 75
117 1553 259 1593 uirtute
289 1555 385 1594 dixit
415 1569 487 1594 uos
517 1555 686 1594 uictores
719 1555 864 1603 uiuere,
1475 1573 1513 1608 75

116 1633 196 1658 non
227 1620 444 1659 ambitione
475 1634 604 1671 neque
634 1621 820 1671 perfidia:
862 1621 928 1671 qui
960 1620 1090 1660 minus

115 1686 255 1724 eadem
285 1685 465 1725 histn'oni
495 1687 543 1725 sit
573 1688 634 1725 lex
664 1700 766 1736 quae
796 1700 953 1726 summo
982 1686 1098 1726 uiro?

117 1749 259 1789 uirtute
287 1751 436 1790 ambire
467 1760 633 1802 oportet,
666 1765 746 1791 non
776 1751 1018 1790 fauitoribus.

117 1823 175 1853 sat
205 1815 324 1854 habet
353 1816 563 1856 fauitorum
596 1831 751 1867 semper
780 1817 849 1867 qui
878 1825 982 1855 recte
1011 1816 1115 1863 facit,

53 1885 99 1919 80
117 1879 146 1918 si
178 1879 252 1918 illis
282 1881 379 1919 fides
409 1890 467 1920 est
497 1882 641 1932 quibus
672 1890 730 1921 est
760 1896 806 1921 ea
834 1896 895 1920 res
925 1881 964 1920 in
995 1895 1125 1920 manu.
1470 1888 1513 1919 8ο

116 1945 193 1983 hoc
222 1959 382 1995 quoque
411 1947 528 1985 etiam
560 1947 655 1986 mihi
686 1947 725 1986 in
756 1947 952 1986 mandatis
981 1946 1048 1998 (ἐς)
1077 1946 1187 1986 dedit

116 2018 158 2049 ut
187 2012 459 2062 conquistores
489 2014 626 2051 fierent
655 2013 934 2052 histrionibus:

116 2073 184 2124 qui
213 2074 287 2114 sibi
316 2078 542 2115 mandasset
571 2078 739 2127 delegati
768 2086 811 2117 ut
840 2079 1071 2129 plauderent

161 2189 202 2218 55
227 2181 336 2211 omnis
352 2180 497 2217 Mueller,
516 2193 597 2212 nam
615 2183 771 2214 omnibus
790 2184 896 2214 isdem
915 2183 1054 2225 displiret
1184 2185 1228 2224 56
1251 2185 1288 2215 fit
1305 2183 1371 2215 cod.
1390 2184 1450 2224 (sit

117 2222 150 2253 E
162 2227 199 2253 ut
213 2223 293 2263 vid.)
385 2234 427 2264 59
452 2226 495 2256 sit
512 2225 587 2256 add.
600 2224 668 2256 Leo
767 2228 808 2266 65
835 2228 967 2267 singula
982 2228 1101 2258 Dante
1113 2240 1192 2260 corr.
1211 2240 1217 2259 z
1241 2228 1366 2267 singuli
1379 2227 1445 2259 cod.

115 2267 159 2297 68
175 2267 224 2297 vel
233 2268 280 2297 uti
294 2267 358 2299 cod.
438 2269 481 2308 69
497 2269 683 2302 ambissint.
699 2271 774 2301 item
788 2281 815 2300 v.
832 2281 867 2310 71
882 2272 1035 2302 ambissit
1043 2272 1113 2303 edd.
1156 2273 1209 2302 his
1220 2271 1337 2302 addidi
1409 2281 1450 2311 73

116 2310 284 2350 sirempse
311 2311 478 2352 Scaliger:
514 2312 696 2344 Sisimilem
723 2324 793 2345 rem
818 2315 891 2354 ipse
917 2316 948 2345 in
976 2318 1054 2356 (pro
1084 2316 1190 2355 ipsam
1205 2316 1230 2355 ἓ)
1257 2315 1320 2347 cod.
1360 2326 1391 2346 v.
1419 2325 1449 2353 1;

116 2354 154 2392 ej
179 2353 279 2385 Paul.
308 2355 392 2387 Fest.
422 2365 495 2395 515.
525 2366 556 2386 11
591 2357 648 2387 Th.
680 2358 826 2398 siremps
853 2359 976 2390 dicitur
1004 2360 1098 2398 quasi
1132 2359 1251 2390 similis
1276 2370 1330 2390 res
1360 2360 1445 2399 ipsa)

116 2397 156 2427 81
182 2398 213 2428 is
227 2397 344 2429 addidi
471 2400 513 2439 83
538 2401 759 2432 mandassent
776 2401 842 2432 cod.
