1727 2702
178 107 207 145 Ι.
229 108 274 145 iii
646 111 694 149 T.
726 110 906 150 MACCI
939 110 1142 148 PLAVTI

228 222 342 259 ΜΕΝ.
375 235 448 271 ego
469 221 554 260 istic
576 221 671 260 mihi
693 221 812 261 hodie
831 220 1008 272 apparari
1028 220 1121 259 iussi
1141 221 1247 271 apud
1268 227 1306 259 te
1326 219 1531 270 proelium.
1578 218 1644 263 184
1670 270 1674 271 .

227 286 301 324 ER.
334 285 453 325 hodie
474 285 513 325 id
535 287 611 324 fiet.
665 287 777 324 MEN.
811 285 849 324 in
871 299 919 325 eo
935 293 1098 336 uterque
1118 284 1268 336 proelio
1283 283 1533 335 potabimus·
1522 313 1534 331 ,
1671 275 1673 277 ¹

183 363 200 394 5
225 358 309 389 uter
330 350 382 389 ibi
404 350 542 390 melior
563 351 727 390 bellator
747 351 818 390 erit
839 351 1024 390 inuentus
1045 351 1245 396 cantharo,

223 424 289 455 tua
309 424 368 455 est
388 416 513 467 legio:
542 416 770 455 adiudicato
790 419 881 455 cum
902 416 1149 455 utro—hanc
1170 422 1328 455 noctem
1358 414 1444 454 sies.

223 488 265 519 ut
286 495 359 532 ego
380 495 552 529 uxorem,
576 495 664 520 mea
685 483 878 532 uoluptas,
903 481 970 520 ubi
992 489 1029 520 te
1049 479 1209 531 aspicio,
1232 480 1299 520 odi
1320 482 1446 519 male!

224 548 298 585 ER.
332 546 487 585 interim
509 546 650 597 nequis
670 546 766 597 quin
788 546 885 585 eiius
905 546 1055 597 aliquid
1076 545 1238 585 indutus
1258 545 1344 585 sies.
1575 555 1642 593 190

223 610 319 661 quid
347 613 423 649 hoc
450 613 538 650 est?
608 613 722 649 ΜΕΝ.
756 610 943 650 induuiae
969 618 1059 650 tuae
1082 618 1202 661 atque
1229 609 1358 649 uxoris
1377 609 1552 656 exuuiae,

1456 688 1553 713 rosa.

167 751 206 774 10
227 742 301 779 ER.
334 754 495 791 superas
517 740 629 780 facile
650 748 692 780 ut
713 740 888 792 superior
915 740 966 780 sis
994 739 1089 779 mihi
1111 754 1230 791 quam
1257 739 1467 791 quisquam
1489 739 1554 790 qui

1332 805 1551 856 impetrant.

224 871 292 909 PE.
337 871 517 911 meretrix
551 871 740 922 tantisper
774 871 983 919 blanditur,
1021 873 1117 911 dum
1157 870 1255 910 illud
1289 871 1398 921 quod
1433 870 1554 921 rapiat

1422 935 1554 982 uidet;

220 1013 311 1039 nam
334 1001 364 1039 si
385 1001 557 1048 amabas,
580 1001 656 1040 iam
678 1002 885 1052 oportebat
906 1015 1063 1040 nassum
1086 1002 1293 1052 abreptum
1316 1000 1526 1040 mordicus.
1578 1012 1643 1048 194
1685 1032 1701 1054 ,ἢ

222 1067 336 1104 ΜΕΝ.
369 1066 518 1105 sustine
539 1067 626 1113 hoc,
647 1066 854 1105 Penicule:
885 1066 1045 1105 exuuias
1061 1067 1187 1105 facere
1203 1079 1301 1116 quas
1321 1065 1415 1105 uoui
1431 1066 1534 1104 uolo.

223 1131 291 1168 PE.
324 1132 425 1170 cedo
441 1145 450 1178 ;
480 1132 550 1170 sed
571 1144 735 1180 opsecro
758 1132 898 1178 hercle,
922 1132 1020 1169 salta
1040 1130 1095 1169 sic
1115 1144 1207 1169 cum
1228 1131 1331 1181 palla
1350 1137 1497 1180 postea.

165 1206 199 1238 15
222 1197 335 1234 MEN.
368 1209 441 1247 ego
468 1196 648 1234 saltabo?
683 1209 800 1235 sanus
821 1197 952 1236 hercle
972 1210 1053 1235 non
1073 1210 1124 1235 es.
1184 1198 1253 1234 PE.
1285 1209 1410 1247 egone
1436 1209 1486 1234 an
1511 1203 1552 1234 tu

1401 1259 1522 1311 magis
1536 1262 1553 1299 Ρ

219 1323 250 1363 si
272 1338 352 1364 non
373 1327 502 1372 saltas,
524 1339 622 1364 exue
643 1325 766 1376 igitur.
828 1327 944 1364 ΜΕΝ.
975 1325 1099 1365 nimio
1119 1340 1192 1376 ego
1212 1327 1313 1364 hanc
1335 1325 1511 1376 periculo

219 1391 399 1441 surrupui
434 1390 564 1430 hodie.
625 1405 714 1430 meo
753 1391 915 1442 quidem
949 1391 1084 1431 animo
1117 1392 1168 1430 ab
1204 1391 1426 1443 Hippolyta
1462 1391 1551 1431 sub·
1570 1402 1640 1428 200
1670 1402 1694 1447 ιζ

1221 1457 1422 1508 cingulum
1443 1457 1550 1497 haud

223 1521 416 1559 Hercules
436 1533 562 1571 aeque
585 1534 727 1570 magno
748 1534 936 1571 umquam
958 1521 1117 1571 apstulit
1138 1521 1322 1572 periculo.

219 1597 316 1634 cape
337 1585 406 1624 tibi
429 1587 541 1633 hanc,
565 1587 726 1636 quando
747 1599 826 1624 una
846 1586 947 1625 uiuis
969 1586 1066 1626 meis
1087 1586 1277 1638 morigera
1297 1586 1482 1626 moribus.

160 1661 200 1684 20
222 1651 294 1687 ER.
327 1651 403 1689 hoc
423 1650 558 1690 animo
578 1653 692 1690 decet
712 1650 907 1690 animatos
928 1665 1013 1691 esse
1032 1659 1226 1691 amatores
1247 1653 1403 1703 probos.

221 1716 288 1753 PE.
321 1715 387 1765 qui
408 1715 569 1766 quidem
590 1717 641 1755 ad
663 1716 959 1756 mendicitatem
982 1731 1023 1756 se
1044 1725 1253 1768 properent
1271 1719 1490 1757 detrudere.

220 1781 334 1818 ΜΕΝ.
366 1789 551 1831 quattuor
571 1781 687 1820 minis
708 1796 781 1832 ego
801 1782 879 1821 emi
900 1782 1024 1821 istanc
1045 1796 1151 1822 anno
1171 1782 1278 1821 uxori
1301 1797 1423 1822 meae.
1567 1786 1632 1824 ²05
1668 1800 1674 1810 ²

219 1847 286 1883 PE.
319 1854 503 1896 quattuor
524 1846 653 1886 minae
674 1847 871 1897 perierunt
892 1849 1018 1898 plane,
1042 1856 1083 1887 ut
1104 1848 1201 1886 ratio
1222 1848 1406 1887 redditur.

219 1911 333 1950 ΜΕΝ.
364 1911 447 1950 scin
477 1912 573 1962 quid
604 1914 697 1952 uolo
730 1926 804 1963 ego
833 1920 871 1951 te
897 1915 1113 1952 accurare?
1179 1914 1253 1952 ER.
1286 1913 1380 1961 scio,
1401 1913 1548 1952 curabo

1303 1991 1405 2029 quae
1425 1979 1545 2017 uoles.

262 2082 322 2112 188
345 2081 451 2112 Tuest
477 2082 495 2113 Ι.
528 2081 566 2121 Ρ,
597 2082 629 2111 Α
659 2093 690 2112 η.
719 2081 764 2120 Ι.;
786 2082 866 2121 sort.
895 2082 992 2114 tual.
1014 2087 1065 2113 est
1154 2082 1234 2122 sort.
1261 2082 1451 2114 adiudicato
1467 2080 1548 2125 (tu)

214 2124 301 2155 scies
319 2124 352 2154 P
370 2126 422 2165 (ss.
446 2126 520 2165 178)
678 2136 753 2165 194—
761 2135 823 2156 202
844 2126 966 2166 priores
981 2130 1091 2166 partes
1105 2126 1304 2167 legunturA
1473 2136 1545 2166 194,

219 2178 278 2207 195
304 2169 494 2199 iamdudum
513 2168 660 2208 oportuit
680 2168 768 2199 codd.
789 2168 892 2199 Nomi
908 2170 968 2208 138
986 2169 1168 2210 (neglegens
1185 2171 1304 2210 citatio)
1385 2169 1543 2209 adeptum

214 2210 302 2242 codd.
317 2212 420 2242 Nom}
562 2214 622 2251 196
645 2222 728 2251 quas
745 2213 822 2242 noui
843 2212 920 2242 uolo
945 2213 1168 2245 samm-amas:
1195 2223 1280 2253 quas
1297 2223 1358 2244 suo
1371 2213 1485 2244 uiuolo
1501 2212 1541 2252 P,

214 2254 247 2284 Λ
268 2267 298 2287 n.
318 2256 338 2287 I
376 2257 393 2286 i.
414 2257 449 2294 55
593 2265 695 2295 ¹990-
711 2256 732 2285 i
745 2266 770 2286 5.
793 2266 823 2286 n
842 2257 918 2287 salt.
933 2256 965 2285 A
1095 2266 1198 2287 2oo-1
1220 2267 1319 2288 meo.
1365 2256 1542 2297 .periculo

214 2297 366 2329 Peniculo
383 2299 439 2329 da!
455 2299 582 2329 Schoell
713 2309 779 2330 200
803 2300 890 2329 haud
908 2299 998 2330 imtv'o
1012 2310 1075 2340 seq.
1089 2311 1136 2330 vet
1138 2311 1200 2330 sus
1211 2301 1242 2330 A
1248 2299 1286 2340 Ρ,
1301 2311 1366 2332 om.
1381 2299 1446 2331 cod.
1458 2299 1548 2331 Festi

214 2351 278 2380 302
411 2352 469 2373 201
500 2341 669 2373 Hercules
692 2343 780 2373 haud
805 2353 856 2374 ae,
882 2342 951 2373 edd.
1086 2353 1149 2374 202
1178 2344 1276 2374 micis
1299 2343 1366 2375 cod.
1391 2343 1542 2385 (antiqua

203 2386 337 2424 forma)
477 2396 536 2425 204
563 2397 600 2416 se
617 2387 799 2425 proderent
818 2385 866 2416 P:
892 2391 1077 2426 properent
1095 2397 1131 2418 sc
1149 2386 1181 2416 A
1202 2391 1239 2417 ut
1252 2386 1316 2418 vid.
1478 2395 1542 2426 205

214 2430 326 2468 egomi
342 2434 440 2460 stane
457 2429 490 2460 P
503 2430 596 2471 (corr.
614 2429 676 2468 13²>
811 2440 874 2468 207
899 2441 965 2469 ego
987 2441 1050 2460 om.
1070 2430 1102 2460 A
