1727 2712
653 101 971 144 MERCATOR
1397 102 1475 140 111.
1496 100 1526 140 ii

148 220 345 260 certumst,
368 212 531 263 antiqua
551 215 720 252 recolam
741 222 780 252 et
800 213 957 252 seruibo
977 213 1084 252 mihi.

148 278 267 316 breue
288 277 364 315 iam
387 277 574 316 relicuom
595 278 700 317 uitae
720 278 950 328 spatiumst:
981 278 1076 329 quin
1097 292 1170 329 ego

148 342 362 392 uoluptate,
385 341 479 380 uino
501 350 539 380 et
558 356 692 381 amore
712 345 972 382 delectauero.
1499 354 1518 386 5

148 420 240 445 nam
262 408 363 444 hanc
384 420 425 445 se
446 407 548 445 bene
569 408 713 446 habere
733 416 901 447 aetatem
924 408 1084 448 nimiost
1103 408 1278 458 aequius.

64 483 132 519 550
148 473 381 510 adulescens
402 485 524 521 quom
545 472 611 521 sis,
630 480 713 511 tum
735 487 857 523 quom
879 481 936 512 est
957 474 1114 524 sanguis
1135 474 1297 524 integer,

149 536 202 575 rei
223 545 313 575 tuae
334 539 587 587 quaerundae
608 538 796 576 conuenit
817 552 977 589 operam
998 540 1091 577 dare
1108 554 1115 585 ;

148 604 310 641 demum
332 602 446 651 igitur
467 616 588 652 quom
610 603 661 640 sis
683 603 759 640 iam
781 617 910 651 senex,
934 611 1018 641 tum
1040 603 1079 641 in
1101 603 1225 642 otium
1438 648 1441 651 ¹

148 675 186 706 te
206 669 401 715 conloces,
425 669 521 705 dum
541 675 671 718 potest
692 682 799 706 ames
817 684 823 706 :
853 668 894 707 id
915 668 992 706 iam
1013 670 1203 707 lucrumst
1503 682 1541 704 10

148 734 257 784 quod
278 732 389 770 uiuis.
449 734 525 771 hoc
546 741 589 771 ut
609 732 735 780 deico‚
759 733 892 771 facteis
914 747 1134 783 persequar.

65 812 127 848 555
148 812 254 837 nunc
275 806 407 836 tamen
428 797 576 836 interea
596 799 647 836 ad
670 799 761 836 med
784 800 860 836 huc
881 798 1049 836 inuisam
1071 800 1259 837 domum:

148 877 246 902 uxor
266 876 329 901 me
350 871 550 913 exspectat
571 862 648 901 iam
671 865 823 902 dudum
844 863 1038 902 essuriens
1060 863 1194 911 domi3

147 927 225 966 iam
246 927 369 979 iurgio
390 927 572 975 enicabit‚
596 928 627 966 si
649 928 751 967 intro
772 928 933 967 rediero.

148 1007 285 1032 uerum
306 994 436 1032 hercle
457 1002 668 1043 postremo,
693 1002 779 1032 utut
800 1002 868 1040 est,
892 1008 972 1032 non
993 994 1061 1033 ibo
1082 1002 1224 1040 tamen,
1503 1006 1540 1038 15

148 1059 218 1097 sed
239 1059 345 1097 hunc
366 1058 542 1097 uicinum
563 1059 661 1111 priu’
683 1059 919 1098 conueniam
942 1073 1060 1109 quam
1082 1061 1247 1098 domum

63 1127 130 1172 560
148 1125 306 1162 redeam
323 1138 333 1170 3
361 1131 404 1162 ut
425 1123 521 1162 mihi
541 1124 650 1163 aedis
671 1124 820 1175 aliquas
842 1125 1041 1163 conducat
1061 1126 1154 1162 uolo

149 1188 217 1227 ubi
238 1188 388 1228 habitet
409 1188 529 1228 istaec
551 1189 698 1228 mulier.
758 1197 877 1239 atque
897 1203 1035 1228 eccum
1056 1188 1085 1227 it
1105 1190 1207 1228 foras

437 1345 804 1383 LvsrmACHvs
917 1344 1188 1382 DEMIPHO
1499 1343 1543 1381 iii

151 1444 220 1481 LY.
252 1444 462 1482 Adducam
483 1457 556 1494 ego
577 1442 686 1481 illum
707 1442 784 1480 iam
804 1443 855 1481 ad
875 1449 925 1489 te,
947 1441 978 1480 si
999 1455 1234 1480 conuenero.

152 1509 227 1546 DE.
260 1522 324 1547 me
353 1508 459 1547 dicit.
525 1510 595 1546 Lv.
628 1507 724 1558 quid
753 1507 821 1555 ais,
856 1506 1087 1558 Demipho?
1149 1509 1225 1545 DE.
1258 1515 1316 1545 est
1347 1506 1484 1545 mulier

1345 1572 1484 1610 domi?

152 1639 221 1677 Lv.
259 1639 355 1690 quid
389 1640 556 1678 censes?
628 1640 705 1677 DE.
741 1638 838 1689 quid
872 1637 904 1676 si
938 1637 1093 1676 uisam?
1163 1638 1233 1676 LY.
1270 1637 1366 1688 quid
1400 1651 1483 1688 pro-

1152 1705 1292 1753 peras?
1320 1701 1486 1755 (mane.)

66 1771 129 1815 565
154 1771 229 1808 DE.
262 1771 358 1820 quid
379 1769 551 1809 faciam?
607 1771 678 1808 Lv.
710 1770 819 1820 quod
842 1776 958 1819 opust
979 1769 1083 1807 facto
1104 1767 1222 1806 facito
1243 1776 1284 1806 ut
1304 1768 1462 1818 cogites.

155 1837 230 1873 DE.
254 1835 349 1885 quid
366 1836 566 1885 cogitem?
595 1835 780 1886 equidem
799 1836 929 1873 hercle
945 1847 1045 1884 opus
1062 1835 1138 1872 hoc
1154 1835 1258 1872 facto
1276 1833 1480 1881 existumo,
1503 1847 1520 1878 5

152 1908 194 1938 ut
215 1900 281 1939 illo
302 1902 404 1939 intro
424 1914 522 1939 eam.
584 1902 653 1938 Lv.
687 1900 792 1938 itane
813 1913 918 1946 uero,
942 1900 1116 1937 ueruex?
1146 1898 1247 1936 intro
1268 1900 1362 1936 eas?

153 1966 229 2004 DE.
270 1965 366 2016 quid
399 1966 507 2004 aliud
538 1965 708 2004 faciam?
792 1966 862 2003 LY.
903 1963 1009 2014 prius
1042 1964 1118 2001 hoc
1156 1964 1332 2001 ausculta
1365 1972 1485 2014 atque

1364 2031 1460 2068 ades
1476 2045 1483 2068 :

194 2146 256 2176 547
284 2135 435 2167 Decurso
462 2135 605 2175 inspatio
632 2137 706 2175 (pro
731 2134 863 2174 spati0;
894 2144 924 2164 v.
943 2143 975 2172 9,
993 2132 1028 2171 8)
1056 2132 1158 2163 breue
1184 2133 1273 2172 quod
1299 2132 1387 2164 uitae
1411 2133 1485 2164 reli-

151 2185 280 2211 cuomst
297 2180 329 2210 Ρ
438 2189 514 2219 550,
533 2188 596 2218 552
620 2179 688 2209 seis
705 2179 737 2208 A
846 2187 909 2216 552
933 2177 980 2207 sis
1004 2176 1084 2217 iam]
1112 2177 1139 2207 si
1161 2177 1223 2207 sim
1241 2176 1274 2206 P
1361 2181 1438 2208 tunc
1455 2177 1488 2208 P

151 2233 214 2263 553
238 2228 338 2263 potes
357 2223 390 2253 A
481 2233 562 2253 aues
578 2222 612 2252 P
698 2222 823 2254 lucrost
839 2221 873 2252 P
1001 2230 1065 2260 554
1090 2220 1196 2260 uiuis]
1215 2220 1271 2250 uni
1289 2221 1342 2251 uis
1358 2220 1392 2250 P
1407 2222 1485 2261 (pro

152 2268 262 2298 uuiuis
279 2278 285 2305 ;
310 2277 340 2298 v.
362 2267 413 2306 10)
527 2276 590 2306 555
613 2267 646 2296 in
664 2265 973 2305 Psequiturversus
988 2264 1116 2294 interea
1134 2269 1246 2294 tamen
1261 2265 1324 2294 huc
1337 2264 1425 2294 intro
1441 2265 1483 2295 ad

151 2321 205 2341 me
223 2311 363 2340 inuisam
378 2311 521 2349 domum,
542 2310 601 2349 qui
615 2310 828 2340 retractaton's
843 2320 908 2339 esse
922 2308 1051 2339 videtur
1173 2308 1303 2346 556—89
1327 2307 1410 2337 nihil
1414 2308 1485 2347 sere

150 2354 269 2393 legilur
282 2354 314 2383 A
450 2355 514 2393 563
538 2354 620 2384 dicis
637 2353 667 2383 Β
755 2353 827 2391 agis
843 2352 982 2383 Skutsch
997 2350 1130 2392 (Herm.
1148 2360 1200 2390 32,
1220 2353 1277 2389 92)
1419 2352 1483 2390 564

151 2407 250 2427 mane
266 2396 341 2428 add.
361 2396 502 2436 Pylades
