1727 2712
664 142 1012 180 AMPHITRVO
1446 142 1500 179 II.
1519 140 1548 178 ii

81 255 146 300 635
169 252 221 291 ita
252 252 312 291 dis
344 260 402 291 est
435 252 635 304 placitum,
669 255 914 304 uoluptatem
947 262 988 292 ut
1020 267 1171 293 maeror
1200 267 1334 293 comes
1365 266 1500 292 conse-

1335 328 1499 369 quatur:

166 381 261 432 quin
283 382 527 422 incommodi
543 385 631 434 plus
647 384 819 435 malique
835 383 926 422 ilico
941 384 1055 431 adsit,
1071 384 1164 422 boni
1182 384 1211 422 si
1233 384 1372 435 optigit
1388 384 1494 434 quid.

166 461 256 486 nam
278 461 352 498 ego
372 448 412 487 id
434 462 539 487 nunc
561 449 738 500 experior
758 450 880 488 domo
897 457 1015 500 atque
1037 449 1121 499 ipsa
1140 451 1191 488 de
1213 463 1275 488 me
1293 449 1386 496 scio,
1405 449 1499 499 quoi
1521 464 1536 493 5

1315 516 1498 563 uoluptas

165 592 374 630 parumper
393 579 533 626 datast,
556 580 652 617 dum
673 579 745 617 uiri
767 577 879 632 [mei]
902 579 953 617 mi
975 587 1149 629 potestas
1170 579 1333 617 uidendi
1354 579 1426 617 fuit

165 652 324 683 noctem
346 658 463 683 unam
491 646 613 684 modo
628 660 638 693 ,-
666 653 785 696 atque
806 645 837 684 is
864 653 1024 696 repente
1045 645 1139 683 abiit
1161 659 1183 683 a
1205 645 1266 683 me
1294 645 1386 683 hinc
1406 653 1498 684 ante

1354 712 1493 748 lucem.

76 780 147 824 640
166 776 249 814 sola
269 775 332 814 hic
353 775 406 814 mi
428 789 533 814 nunc
554 776 702 824 uideor,
725 776 818 827 quia
838 776 901 815 ille
922 776 1014 815 hinc
1034 777 1146 815 abest
1166 775 1285 826 que'm
1313 789 1386 825 ego
1406 789 1497 813 amo

1182 849 1334 892 praeter
1354 841 1493 879 omnis.

165 907 252 956 plus
273 906 377 956 aegri
398 920 444 945 ex
464 907 573 946 abitu
594 907 676 955 uiri,
700 921 820 958 quam
841 921 888 946 ex
907 908 1083 946 aduentu
1104 906 1309 957 uoluptati’
1330 905 1428 956 cepi.

55 967 144 1011 641ει
677 974 746 1012 sed
767 974 844 1011 hoc
865 986 928 1011 me
950 973 1039 1011 beat
1518 981 1556 1003 10

163 1038 317 1085 saltem,
354 1050 477 1088 quom
516 1038 728 1089 perduellis
762 1037 856 1077 uicit
888 1044 926 1076 et
965 1038 1130 1076 domum
1165 1036 1292 1075 laudis
1331 1048 1496 1086 compos

1321 1101 1471 1140 reuenit
1488 1117 1494 1140 :

679 1169 721 1209 id
742 1169 889 1208 solacio
910 1176 978 1207 est.

486 1234 599 1286 apsit,
622 1236 717 1274 dum
739 1237 861 1274 modo
881 1236 999 1273 laude
1019 1241 1128 1285 parta

75 1303 141 1348 645
163 1300 328 1338 domum
351 1299 512 1350 recipiat
533 1313 575 1338 se
592 1315 600 1347 3
630 1301 749 1338 feram
771 1308 810 1338 et
830 1301 1020 1350 perferam
1042 1312 1167 1349 usque

162 1364 312 1403 abitum
335 1364 432 1403 eiius
448 1364 582 1403 animo
598 1364 686 1403 forti
702 1372 820 1414 atque
837 1365 1040 1411 offirmato,
1058 1363 1097 1401 id
1114 1364 1236 1402 modo
1253 1362 1284 1400 si
1302 1361 1493 1401 mercedis
1516 1376 1552 1409 15

271 1431 386 1468 datur
407 1429 472 1477 mi,
496 1437 538 1468 ut
559 1443 670 1468 meus
691 1429 816 1467 uictor
836 1429 894 1467 uir
915 1429 1007 1467 belli
1028 1430 1166 1466 clueat.

624 1494 716 1532 satis
739 1494 790 1531 mi
811 1507 897 1532 esse
917 1495 1071 1532 ducam.

433 1560 557 1598 uirtus
578 1559 794 1610 praemium
817 1567 875 1597 est
896 1567 1103 1609 optumum
1120 1572 1130 1605 ;

269 1624 392 1664 uirtus
413 1626 600 1664 omnibus
622 1626 737 1664 rebus
757 1625 879 1663 anteit
899 1625 1076 1674 profecto
1094 1639 1100 1661 :

74 1695 144 1739 650
161 1690 329 1738 libertas,
354 1693 468 1737 salus,
491 1691 583 1738 uita,
606 1704 665 1729 res
686 1698 724 1729 et
744 1696 936 1740 parentes,
959 1688 1081 1738 patria
1102 1696 1140 1726 et
1161 1685 1340 1738 prognati
1514 1701 1555 1724 20

679 1763 865 1801 tutantur,
887 1761 1091 1792 seruantur
1108 1769 1114 1791 ς

268 1821 391 1860 uirtus
412 1821 545 1860 omnia
565 1821 605 1858 in
626 1834 711 1860 sese
733 1820 863 1866 habet,
885 1818 1020 1865 omnia
1039 1819 1185 1856 adsunt

484 1887 587 1925 bona
608 1900 725 1936 quem
748 1893 885 1935 penest
907 1884 1040 1922 uirtus.

213 1954 296 1990 AM.
346 1953 487 2002 edepol
528 1965 591 1990 me
639 1951 748 1989 uxori
796 1957 1025 2000 exoptatum
1064 1950 1183 1987 credo
1226 1948 1490 1986 aduenturum

1310 2014 1488 2059 domum,

70 2090 113 2135 65
120 2099 136 2135 5
212 2096 314 2133 quae
328 2097 391 2122 me
406 2091 523 2130 amat,
542 2097 661 2133 quam
678 2090 815 2122 contra
830 2096 934 2129 amo,
951 2080 1177 2132 praesertim
1196 2092 1235 2117 re
1251 2085 1359 2128 gesta
1374 2077 1486 2124 bene,
1510 2092 1524 2114 2
1531 2093 1548 2124 5

212 2148 325 2186 uictis
347 2149 550 2187 hostibus:
582 2161 681 2198 quos
703 2161 822 2186 nemo
843 2161 958 2198 posse
980 2146 1151 2197 superari
1173 2152 1305 2190 ratust‚

212 2226 280 2252 eos
300 2214 476 2264 auspicio
498 2227 588 2252 meo
607 2221 727 2264 atque
750 2211 952 2265 [in]ductu
973 2212 1100 2262 primo
1121 2218 1237 2249 coetu
1258 2209 1437 2247 uicimus.

199 2316 262 2355 635
287 2316 374 2347 diuis
391 2315 457 2347 Leo
473 2328 479 2347 ε
503 2316 559 2346 vix
574 2315 646 2346 deis
665 2316 758 2357 (dtis)
881 2316 946 2353 638
970 2315 1035 2344 mei
1053 2313 1150 2343 delevi
1259 2313 1326 2351 639
1350 2312 1399 2343 vel
1413 2312 1488 2342 med

155 2360 219 2398 642
242 2369 343 2398 quom
369 2359 518 2390 Pareus:
541 2369 642 2399 quam
667 2358 733 2390 cod.
841 2359 891 2389 vel
908 2358 976 2389 Sed
999 2358 1061 2388 hoc
1084 2367 1136 2387 me
1159 2356 1235 2386 beat
1252 2356 1370 2386 saltem
1387 2365 1487 2394 quom

156 2403 339 2442 perduellis
360 2403 364 2445 Ι
385 2403 475 2434 Vicit
493 2408 527 2433 et
545 2408 608 2434 etc.
678 2403 743 2441 646
767 2403 944 2432 mercedes
963 2402 995 2437 (i.
1008 2412 1030 2432 e.
1053 2400 1109 2439 -is)
1130 2400 1193 2430 cod.
1271 2401 1332 2438 647
1351 2400 1400 2429 vel
1415 2397 1486 2429 sati'

156 2446 237 2477 mihi
255 2446 330 2488 (mi)
389 2448 450 2487 657
470 2447 519 2477 vel
532 2457 570 2478 ac
628 2447 729 2478 ductu
748 2445 822 2477 Ital.
840 2457 845 2476 z
872 2446 1009 2475 inductu
1028 2445 1128 2485 (lpro
1144 2444 1244 2482 id-3i.
1259 2443 1294 2483 3)
1341 2442 1486 2473 velcoitu
