1727 2702
155 131 222 168 IV.

203 515 220 547 5

184 846 223 869 10

181 1171 218 1203 1⁵

179 1501 219 1522 20

178 1827 216 1860 ²5

176 2147 217 2178 30

245 131 291 167 iv
663 131 710 168 T.
744 129 925 170 MACCI
957 130 1160 168 PLAVTI

245 254 335 281 nam
367 243 511 292 duplex
543 241 693 280 facinus
724 241 797 280 feci
827 241 958 288 hodie,
985 240 1211 292 duplicibus
1237 241 1372 293 spoliis
1398 254 1486 281 sum
1513 243 1577 282 ad-

1438 309 1574 348 sectus.

242 386 350 412 erum
367 372 553 412 maiorem
573 386 704 412 meum
722 380 764 411 ut
780 386 854 423 ego
870 372 990 411 hodie
1003 371 1076 410 lusi
1091 371 1233 423 lepide,
1251 380 1293 411 ut
1309 373 1549 412 ludificatust
1569 377 1577 412 Ξ

510 438 697 477 callidum
719 451 853 476 senem
875 437 1026 476 callidis
1047 437 1149 476 dolis

350 503 524 555 compuli
546 511 584 542 et
605 503 755 554 perpuli
778 502 830 541 mi
851 502 985 541 omnia
1006 510 1048 540 ut
1068 503 1254 541 crederet.

510 581 617 607 nunc
637 567 784 606 amanti
806 581 872 607 ero
894 567 974 606 filio
995 567 1110 614 senis,

510 633 671 684 quicum
693 646 766 683 ego
787 633 893 680 bibo,
916 632 1077 683 quicum
1099 633 1176 671 edo
1196 640 1234 672 et
1254 645 1357 681 amo,

350 699 472 750 regias
493 699 627 749 copias
647 711 864 748 aureasque
885 697 1021 748 optuli,

350 773 392 803 ut
412 766 534 804 domo
555 770 726 802 sumeret
747 777 824 802 neu
845 763 936 801 foris
957 771 1170 813 quaereret.

351 842 430 868 non
453 829 548 867 mihi
570 828 631 867 isti
652 830 810 878 placent
831 829 1110 875 ParmenoneS‚
1132 828 1230 878 Syri,

349 894 416 945 qui
437 895 536 933 duas
555 901 622 932 aut
643 893 709 932 tris
731 893 857 932 minas
877 895 1057 932 auferunt
1077 893 1161 932 eris.

295 959 453 1011 nequiu'
475 959 527 998 nil
549 967 607 998 est
628 972 747 1009 quam
769 958 888 1009 egens
909 957 1048 997 consili
1069 971 1215 1007 seruos,
1238 958 1311 998 nisi
1332 959 1452 998 habet

618 1023 873 1074 multipotens
894 1030 1031 1074 pectus

294 1089 361 1129 ubi
382 1102 584 1140 quomque
605 1102 698 1127 usus
719 1088 802 1136 siet,
825 1096 985 1139 pectore
1005 1096 1207 1138 expromat
1227 1101 1308 1127 suo.

455 1156 584 1193 nullus
606 1153 702 1204 frugi
725 1167 810 1192 esse
831 1154 960 1204 potest
981 1154 1115 1200 homo,

455 1219 527 1258 nisi
549 1219 615 1270 qui
637 1221 675 1258 et
696 1219 798 1257 bene
819 1219 946 1257 facere
966 1225 1003 1257 et
1025 1218 1125 1256 male
1147 1225 1262 1256 tenet.

347 1284 522 1335 inprobis
543 1297 633 1322 cum
655 1283 844 1334 inprobus
867 1280 964 1336 [sit,]
986 1283 1172 1333 harpaget
1193 1282 1342 1320 furibus

347 1347 530 1404 [furetur]
551 1350 661 1399 quod
681 1356 799 1399 queat
815 1363 825 1396 3
854 1348 1103 1399 uorsipellem
1125 1347 1222 1397 frugi
1243 1346 1431 1386 conuenit

453 1429 538 1454 esse
559 1414 773 1461 hominem,
796 1421 934 1465 pectus
954 1413 1048 1463 quoi
1070 1413 1169 1463 sapit

455 1481 574 1519 bonu'
595 1480 643 1518 sit
665 1479 790 1526 bonis,
814 1480 930 1517 malu’
951 1479 999 1517 sit
1021 1478 1157 1525 malis,-

399 1553 646 1596 utquomque
668 1558 726 1583 res
747 1544 806 1591 sit,
829 1544 882 1582 ita
900 1543 1077 1582 animum
1099 1543 1252 1582 habeat.

344 1613 413 1650 sed
435 1612 543 1649 lubet
563 1610 661 1649 scire
681 1617 873 1660 quantum
894 1622 1031 1647 aurum
1054 1622 1141 1647 crus
1162 1608 1235 1647 sibi

344 1675 514 1726 dempsit
535 1683 572 1714 et
593 1675 688 1725 quid
710 1687 782 1714 suo
802 1674 974 1713 reddidit
995 1674 1103 1725 patri.

345 1741 374 1779 si
397 1740 493 1790 frugi
515 1747 583 1787 cst,
609 1741 822 1778 Herculem
846 1739 936 1778 fecit
957 1753 1003 1778 ex
1025 1747 1155 1790 patre:

345 1807 554 1845 decumam
577 1812 724 1855 partem
747 1804 781 1843 ei
802 1804 924 1852 dedit,
947 1804 1020 1842 sibi
1042 1817 1186 1842 nouem
1207 1803 1378 1853 apstulit.

345 1872 414 1909 scd
436 1884 554 1921 quem
576 1882 723 1920 quaero
744 1877 907 1920 optume
929 1882 1066 1908 eccum
1089 1868 1248 1907 obuiam
1271 1867 1366 1906 mihi
1388 1874 1457 1906 est.

345 1949 439 1974 num
460 1935 526 1986 qui
549 1934 700 1973 nummi
722 1934 961 1980 exciderunt,
985 1948 1058 1980 cre,
1082 1933 1163 1979 tibi,

450 2001 559 2051 quod
580 1999 635 2038 sic
656 2007 795 2038 terram
818 2000 1010 2049 optuere?

316 2065 411 2117 quid
434 2078 504 2103 uos
527 2072 697 2103 maestos
718 2072 797 2102 tam
820 2063 1016 2112 tristisque
1037 2075 1122 2101 esse
1142 2061 1379 2112 conspicor?

1593 570 1659 617 645

1591 901 1663 948 650

1589 1226 1657 1271 655

1589 1284 1659 1329 656

1589 1331 1657 1375 657

1589 1459 1660 1493 660

1587 1505 1652 1540 661

1583 2004 1675 2039 668·

290 2145 369 2169 non
388 2132 514 2181 placet
536 2143 608 2168 nec
630 2137 776 2169 temere
797 2136 855 2166 est
876 2127 1005 2166 etiam.
1065 2126 1160 2177 quin
1179 2126 1273 2164 mihi
1288 2125 1565 2176 respondetis?
1581 2133 1652 2177 670

277 2237 337 2274 641
359 2235 459 2266 hodie
469 2238 543 2275 post
553 2233 678 2273 duplex
689 2232 756 2263 cod.
770 2245 776 2263 :
799 2232 914 2271 traieci,
929 2242 1010 2262 nam
1022 2232 1064 2262 du
1070 2231 1148 2271 plex
1159 2229 1297 2271 displicet
1376 2231 1442 2268 646
1454 2230 1519 2261 edo
1531 2235 1563 2261 et

233 2278 325 2318 amo]
338 2279 433 2309 edam
453 2282 488 2308 ut
498 2277 560 2309 vid.
582 2277 611 2309 T
624 2279 700 2318 (pro
717 2277 781 2307 cdo
795 2286 872 2306 amo
886 2276 913 2314 3)
1014 2276 1078 2314 653
1094 2275 1172 2314 sort.
1192 2274 1247 2304 ubi
1266 2273 1341 2316 (ei)
1415 2284 1478 2304 suo
1494 2284 1559 2304 om.

235 2323 311 2354 Ρ(Ῑῦ
393 2325 455 2360 654
471 2322 551 2360 sort.
579 2323 632 2352 nu.
651 2320 736 2359 frugi
755 2323 863 2359 potest
881 2322 910 2349 e.
930 2319 1031 2348 homo
1113 2319 1176 2356 655
1193 2317 1280 2348 bene
1297 2323 1330 2347 ct
1348 2317 1433 2347 male
1453 2317 1562 2347 sacci-e

234 2366 299 2397 cod.
315 2378 320 2397 :
340 2367 412 2396 [ναί.
430 2365 554 2396 Rusch!
639 2365 703 2403 663
710 2374 770 2402 «99
782 2366 909 2393 exstant
920 2363 953 2392 in
968 2363 1011 2394 A.
1026 2361 1084 2392 sed
1090 2361 1255 2402 perierunt
1262 2360 1412 2401 plurima
1499 2361 1561 2399 667

237 2410 405 2440 Charisius
423 2420 486 2446 209
499 2408 636 2439 Plautus
654 2408 685 2437 in
706 2406 929 2437 Bacchidibus
945 2416 950 2435 :
975 2405 1043 2435 olio
1067 2409 1233 2445 oportune
1260 2405 1339 2433 milii
1358 2409 1410 2434 est
1427 2404 1561 2434 obuiam

235 2464 313 2484 ecce
404 2462 518 2483 eccum
540 2452 676 2491 Langen
694 2450 742 2485 (A
763 2461 794 2480 n.
815 2450 868 2490 l.):
893 2459 972 2479 ecce
989 2448 1022 2479 P
1150 2449 1215 2487 670
1238 2447 1318 2486 quid
1337 2447 1368 2476 A
