1727 2712
622 98 997 138 CISTELLARIA
1423 98 1475 135 11.
1498 97 1543 135 iii

150 212 223 249 PH.
256 209 351 260 quoi
371 209 476 249 illam
498 210 673 250 dedisset
693 208 907 261 exquisisse
928 209 1111 260 oportuit.

63 290 127 327 575
150 277 219 314 LA.
252 274 439 325 quaesiui,
463 283 501 314 et
521 275 618 314 dixit
639 274 831 314 meretrici
853 274 1081 314 Melaenidi.

150 341 232 378 ΜΕ.
267 353 398 378 meum
420 341 615 379 elocutust
637 353 795 387 nomen,
818 339 945 378 interii
964 338 1171 391 <oppid0>!

149 406 219 442 LA.
252 403 319 442 ubi
341 406 496 443 elocuta
516 412 585 452 est,
610 419 682 456 ego
704 404 895 444 continuo
917 403 1071 458 [anum]
1093 404 1314 456 interrog03
1499 422 1539 455 35

151 473 159 488 ‘
174 469 241 507 ubi
262 469 412 507 habitat
426 471 463 507 ?’
484 470 647 521 inquam
672 474 680 490 ‘
694 472 796 509 duce
815 484 861 509 ac
882 471 1110 509 demonstra
1130 470 1251 509 mihi)

152 538 161 554 ‘
174 542 313 573 auecta
333 536 413 573 est'
434 535 562 586 inquit
582 538 593 555 ‘
606 550 766 587 peregre
787 536 879 575 hinc
906 535 1151 574 habitatum.'
1209 537 1292 573 ΜΕ.
1325 535 1482 586 obsipat

63 606 132 649 580
148 602 343 650 aquolarn.
405 602 474 639 LA.
512 605 520 621 ‘
533 615 614 652 quo
633 610 773 642 auecta
792 610 861 649 est,
884 615 933 640 eo
953 614 1173 651 sequemur.
1233 600 1355 640 sicine

148 665 220 715 agi'
241 667 393 715 nugas?
422 666 569 716 periisti
590 668 731 715 hercle,
753 665 829 719 (ni)
940 681 958 701 *
1073 679 1090 699 ²³<

259 744 276 763 ες
391 746 408 765 >÷<
525 747 542 766 *
573 731 672 783 <non
694 731 841 782 hercle>
860 733 937 770 hoc
957 733 1073 781 longe
1094 730 1226 770 destiti
1501 745 1546 777 40

149 795 292 835 instare
313 810 437 847 usque
457 798 560 836 adeo
580 798 710 836 donec
730 811 772 835 se
791 797 944 836 adiurat
963 810 1062 835 anus

150 861 228 899 iarn
249 861 345 899 mihi
367 870 593 901 monstrare.
655 864 729 900 PH.
762 862 801 900 at
822 875 902 900 non
924 861 1082 900 missam
1104 860 1287 911 oportuit.

65 930 127 974 585
151 928 222 965 LA.
254 935 439 966 seruatur.
499 929 569 966 sed
590 927 702 966 illaec
723 941 764 966 se
784 928 985 978 quandam
1006 927 1112 966 aibat
1132 926 1337 966 mulierem

149 1006 260 1030 suam
281 993 588 1032 beneuolentem
609 993 822 1032 conuenire
843 993 961 1032 etiam
986 992 1102 1043 prius,

149 1071 363 1096 commune
384 1072 556 1108 quacum
576 1058 617 1097 id
638 1066 740 1097 esset
760 1058 835 1097 sibi
856 1058 1069 1109 negotium.
1501 1067 1542 1100 45

150 1130 189 1161 et
209 1122 291 1161 scio
311 1131 529 1162 uenturam.
590 1125 672 1162 ME.
706 1137 769 1162 me
790 1123 991 1170 indicabit,
1014 1131 1052 1162 et
1072 1137 1161 1162 suas

5 1189 134 1236 589-90
151 1189 202 1227 ad
223 1202 330 1226 meas
351 1188 526 1227 miserias
544 1188 668 1229 *talias
688 1188 830 1228 faciem
850 1188 1050 1228 consciam
1060 1194 1092 1227 †.

153 1253 226 1291 PH.
259 1252 356 1304 quid
376 1267 483 1293 nunc
503 1253 563 1292 uis
583 1255 710 1293 facere
731 1256 824 1293 me?
881 1256 951 1293 LA.
985 1254 1087 1293 intro
1113 1253 1178 1293 abi
1204 1262 1323 1304 atque
1350 1252 1484 1291 animo

1299 1320 1408 1358 bono
1429 1332 1480 1357 es.

151 1383 209 1422 uir
229 1386 308 1424 tuo'
329 1384 360 1423 si
381 1384 524 1434 ueniet,
547 1385 640 1425 iube
660 1385 769 1425 domi
791 1385 1013 1437 opperirier,

151 1463 201 1488 ne
221 1449 261 1488 in
282 1451 512 1500 quaestione
534 1451 629 1489 mihi
651 1451 710 1499 sit,
733 1452 765 1490 si
785 1452 881 1502 quid
903 1465 992 1490 eum
1015 1450 1146 1490 uelim.
1503 1464 1545 1497 50

151 1529 224 1565 ego
243 1516 294 1554 ad
315 1516 435 1554 anum
457 1530 612 1555 recurro
632 1530 776 1554 rusum.
838 1519 911 1554 PH.
946 1516 1177 1567 Lampadio,
1200 1528 1378 1566 opsecro,

66 1592 129 1629 595
151 1595 252 1619 cura.
314 1583 384 1619 LA.
417 1584 634 1632 perfectum
655 1596 729 1632 ego
749 1583 826 1621 hoc
847 1583 952 1621 dabo
973 1581 1187 1632 negotium.

153 1648 226 1684 PH.
248 1647 345 1685 deos
367 1646 483 1697 teque
504 1648 759 1697 spero.——LA.
782 1648 944 1686 eosdem
966 1647 1151 1697 ego-uti
1172 1647 1290 1685 abeas
1307 1648 1484 1686 domum.

153 1713 237 1750 ME.
265 1713 509 1759 adulescens,
531 1720 616 1750 asta
635 1720 754 1762 atque
774 1712 878 1751 audi.
939 1714 1009 1750 LA.
1037 1725 1139 1759 men,
1164 1712 1312 1759 mulier,
1337 1713 1486 1751 uocas?

153 1778 236 1815 ΜΕ.
269 1785 316 1816 te.
378 1779 448 1816 LA.
481 1777 578 1828 quid
613 1777 744 1828 negoti
784 1779 871 1816 est?
909 1791 999 1816 nam
1034 1785 1250 1828 occupatus
1286 1791 1371 1815 sum
1406 1790 1486 1815 am-
1504 1793 1545 1825 55

1359 1842 1482 1893 pliter.

154 1910 236 1947 ΜΕ.
270 1908 357 1958 quis
379 1908 464 1947 istic
485 1909 666 1947 habitat?
724 1910 795 1947 LA.
831 1908 1032 1959 Demipho
1053 1907 1240 1947 dominus
1261 1921 1382 1946 meus.

66 1978 134 2012 600
155 1975 236 2011 ME.
270 1987 414 2023 nempe
435 1973 521 2012 istic
542 1982 599 2012 est
620 1973 687 2024 qui
709 1973 1006 2013 Alcesimarcho
1027 1973 1147 2012 filiam

152 2052 263 2076 suam
284 2038 497 2088 despondit
518 2039 558 2076 in
579 2038 736 2077 diuitias
758 2040 990 2077 maxumas?

196 2152 258 2181 574
275 2153 341 2182 quo
353 2142 418 2173 cod.
498 2145 562 2182 576
580 2143 706 2183 oppido
716 2142 820 2183 suppl.
834 2142 975 2183 Pylades
1035 2153 1096 2183 577
1126 2152 1226 2173 anum
1242 2141 1300 2173 del.
1316 2141 1487 2174 Acidalr'us

153 2186 216 2224 578
243 2187 293 2217 dic
309 2186 428 2217 Becker
556 2187 630 2226 581,
658 2188 722 2226 582
739 2187 902 2226 peristine
920 2186 1034 2217 hercle
1061 2188 1123 2217 hoc
1147 2187 1246 2224 longe
1266 2185 1388 2216 dedisti
1405 2186 1483 2226 cod„

152 2233 216 2262 cett.
229 2241 293 2261 om.
310 2230 367 2270 (iii.
388 2231 441 2270 11)
502 2231 618 2270 peristi
631 2230 773 2270 Pylades
786 2231 842 2270 (iv.
858 2232 892 2269 3'*
963 2231 995 2260 ni
1013 2228 1116 2273 <mihi
1135 2230 1262 2260 dixeris
1279 2229 1341 2259 Vbi
1360 2229 1487 2260 habitet

155 2282 252 2304 nunc.
295 2284 361 2304 non
382 2273 520 2315 hercle>
536 2275 600 2305 hoc
614 2274 739 2305 Schoell
783 2274 895 2305 destiti
914 2274 1008 2305 ltal.:
1029 2274 1149 2304 dedisti
1165 2273 1228 2304 cod.
1322 2274 1384 2312 584
1403 2272 1483 2311 iam]

153 2327 224 2347 eam
246 2316 383 2356 Pylades
472 2319 535 2357 588
560 2318 721 2348 indicauit
739 2318 806 2349 cod.
898 2319 972 2357 589.
993 2328 1057 2357 590
1082 2317 1164 2348 alias
1178 2315 1360 2358 <adiunget
1378 2316 1482 2357 malai}

154 2359 395 2400 Seleniumque
430 2362 580 2403 fraudis>
612 2362 710 2392 saciet
747 2362 914 2392 consciam
950 2361 1076 2391 Selloell
1114 2360 1208 2400 (sort.
1244 2360 1485 2399 Seleniumque

153 2403 251 2434 saliae
270 2418 274 2436 ;
301 2405 342 2435 Μ,
373 2415 422 2445 11)
559 2414 623 2445 593
648 2405 680 2435 in
698 2414 729 2441 q.
751 2405 983 2436 Camerarius:
1012 2405 1245 2444 quaestionem
1264 2404 1328 2434 cod.
