1727 2712
648 120 967 161 MERCATOR
1418 121 1471 158 II.
1492 118 1537 158 iii

145 233 220 271 DE.
254 232 321 271 ibo
354 233 404 272 ad
440 240 606 284 portum.
667 246 717 271 ne
751 232 814 271 hic
849 231 1031 270 resciscat
1065 239 1182 270 cauto
1214 240 1331 282 opust
1350 247 1357 270 :
1391 245 1472 271 non

872 340 876 345 ¹
1225 297 1308 347 ipse
1329 310 1470 343 emam,

140 362 210 400 sed
233 361 469 411 Lysimacho
488 361 618 400 amico
639 361 850 400 mandabo.
910 360 941 398 is
963 374 1003 399 se
1019 362 1070 399 ad
1091 368 1248 412 portum
1269 361 1442 400 deixerat

140 425 194 464 ire
218 427 380 464 dudum.
442 440 505 465 me
532 440 662 465 moror
689 440 811 477 quom
836 425 924 464 heic
944 428 1178 466 asto—CH.
1212 427 1342 465 nullus
1371 440 1471 474 sum,
1497 442 1560 473 130

1329 491 1469 531 occidi.

455 559 751 598 CHAR1st
866 558 1162 596 EVTvcnvs
1491 558 1537 595 iv

140 624 218 663 CH.
252 624 473 662 Pentheum
495 623 702 673 diripuisse
721 623 846 661 aiiunt
867 624 1043 661 Bacchas
1061 638 1068 661 t
1098 636 1221 673 nugas
1243 636 1445 661 maxumas

50 696 122 731 470
140 688 258 727 fuisse
279 690 408 736 credo,
432 696 568 739 praeut
589 702 669 739 quo
690 696 806 739 pacto
827 690 900 739 ego
921 688 1103 727 diuorsus
1124 688 1328 728 distrahor.

138 767 212 803 qur
232 767 304 804 ego
326 754 476 792 ueiuo?
506 767 579 804 qur
602 767 683 792 non
705 754 880 793 morior?
908 753 1005 804 quid
1027 753 1161 792 mihist
1181 755 1221 792 in
1242 753 1324 792 uita
1344 753 1472 793 boni?

137 826 339 866 certumst,
359 819 425 857 ibo
445 820 496 857 ad
518 818 716 858 medicum
737 827 855 869 atque
876 817 931 856 ibi
952 832 1015 857 me
1036 819 1166 857 toxico
1188 819 1303 858 morti
1324 820 1440 866 dabo,

138 885 300 933 quando
322 883 361 922 id
384 884 436 922 mi
457 884 643 922 adimitur
664 898 743 934 qua
762 897 902 922 caussa
921 883 1042 922 uitam
1065 884 1184 934 cupio
1204 885 1347 923 uiuere.
1490 900 1507 932 5

140 950 212 986 EV.
245 962 372 996 mane,
399 963 514 987 mane
539 963 714 999 opsecro,
740 949 921 989 Charine.
982 950 1060 989 CH.
1093 950 1160 1000 qui
1192 964 1254 988 me
1282 951 1470 988 reuocat?

1146 1016 1219 1053 Ev.
1253 1017 1467 1065 Eutychus,

49 1090 117 1127 475
137 1085 226 1117 tuos
247 1078 397 1117 amicus
418 1087 457 1118 et
477 1079 633 1126 sodalis,
658 1080 773 1118 simul
795 1079 949 1118 uicinus
970 1093 1194 1130 proxumus.

138 1145 215 1183 CH.
248 1158 329 1182 non
357 1151 398 1182 tu
425 1144 500 1183 scis
521 1153 713 1195 quantum
735 1147 925 1184 malarum
953 1159 1081 1184 rerum
1111 1145 1336 1185 sustineam.
1395 1148 1467 1185 Εν,

1363 1210 1469 1258 sci03

136 1273 271 1312 omnia
291 1288 364 1324 ego
385 1274 507 1314 istaec
527 1274 745 1313 auscultaui
767 1275 818 1313 ab
839 1275 952 1322 ostio,
976 1289 1136 1314 omnem
1158 1289 1239 1314 rem
1260 1275 1352 1315 scio.

137 1341 214 1379 CH.
247 1339 344 1391 quid
364 1340 404 1379 id
425 1348 484 1379 est
505 1342 614 1391 quod
638 1340 743 1379 scis?
801 1342 872 1379 Ev.
906 1343 986 1379 tuo’
1008 1349 1116 1391 pater
1137 1343 1220 1380 uolt
1242 1342 1469 1381 uendere—
1492 1358 1529 1380 ιο

949 1408 1026 1447 CH.
1059 1420 1220 1445 omnem
1241 1421 1322 1446 rem
1344 1415 1464 1446 tenes.

136 1472 207 1510 EV.
241 1479 349 1510 tuam
370 1473 548 1511 amicam.
619 1474 699 1513 CH.
730 1472 896 1511 nimium
919 1473 1086 1510 multum
1109 1472 1194 1511 scis.
1262 1474 1333 1511 EV.
1367 1472 1467 1511 tueis

1257 1537 1463 1588 ingratieis.

46 1606 117 1649 480
135 1603 212 1641 CH.
230 1603 454 1653 plurumum
470 1611 511 1641 tu
528 1603 614 1641 scis.
649 1604 719 1642 sed
733 1603 799 1653 qui
813 1603 888 1641 scis
905 1617 990 1641 esse
1003 1602 1170 1641 amicam
1188 1602 1293 1641 illam
1309 1605 1468 1641 meam?

137 1669 208 1705 Ev.
241 1675 323 1706 tute
344 1667 425 1706 heri
447 1668 553 1718 ipsus
575 1668 671 1706 mihi
693 1668 864 1707 narrasti.
926 1670 1002 1707 CH.
1036 1668 1161 1706 satine
1182 1676 1224 1706 ut
1246 1668 1391 1706 oblitus
1411 1668 1465 1706 fui

135 1732 205 1771 tibi
226 1747 289 1771 me
310 1733 556 1772 narrauisse?
600 1736 671 1772 EV.
695 1735 772 1772 hau
795 1733 974 1772 mirumst
994 1733 1152 1771 factum.
1201 1734 1278 1773 CH.
1301 1741 1340 1771 te
1360 1747 1466 1772 nunc

1286 1800 1461 1837 consulo.

135 1864 353 1913 responde:
384 1877 465 1913 quo
486 1865 565 1902 leto
585 1877 723 1902 censes
745 1877 808 1902 me
828 1870 870 1902 ut
891 1876 1047 1913 peream
1070 1862 1364 1913 potissumum?
1487 1877 1524 1909 15

137 1929 207 1965 Ev.
240 1942 321 1966 non
352 1931 486 1966 taces?
520 1942 617 1967 caue
642 1936 683 1966 tu
714 1928 814 1966 istuc
844 1927 978 1966 deixiS.
1050 1929 1127 1967 CH.
1162 1927 1259 1978 quid
1289 1928 1371 1966 ueis
1402 1942 1466 1967 me

1148 1992 1263 2043 igitur
1283 1993 1466 2033 deicere?

46 2059 112 2104 485
136 2060 206 2096 Ev.
239 2058 306 2096 uin
328 2058 426 2108 patri
447 2058 644 2096 sublinere
665 2059 827 2108 pulchre
848 2072 910 2096 me
931 2072 974 2096 os
996 2059 1093 2096 tuo?
1141 2060 1218 2097 CH.
1243 2072 1337 2097 sane
1358 2061 1461 2097 uolo.

134 2124 204 2161 EV.
238 2123 349 2162 uisne
379 2137 465 2161 eam
495 2124 547 2162 ad
577 2124 868 2173 portum—CH.
901 2123 968 2173 qui
1003 2123 1133 2173 potius
1168 2136 1289 2173 quam
1324 2125 1464 2163 uoles?

1051 2190 1122 2226 Ev.
1154 2196 1273 2239 atque
1293 2188 1461 2227 eximam

175 2288 240 2325 466
257 2286 320 2328 [et]
334 2286 429 2327 (2pro
440 2288 486 2325 at)
503 2286 592 2317 neP
675 2296 735 2326 471
755 2297 836 2326 ergo
848 2286 880 2316 A
973 2297 1033 2325 474
1052 2287 1126 2325 quis
1138 2286 1169 2316 A
1262 2296 1325 2326 475
1343 2287 1460 2328 simul]

133 2335 168 2360 et
181 2331 214 2359 A
340 2332 405 2369 480
428 2330 516 2360 sceis
533 2330 565 2360 A
585 2330 663 2368 (bis)
752 2340 860 2360 meam
884 2339 959 2360 esse
975 2330 1116 2360 amicam
1138 2329 1225 2361 illam
1242 2330 1275 2359 A
1398 2333 1461 2370 482

133 2374 251 2404 mirum
270 2373 425 2404 factumst
443 2373 475 2403 P
491 2373 542 2413 (cf
561 2372 608 2403 ad
621 2384 650 2403 v.
668 2374 745 2412 330)
883 2374 946 2412 483
970 2383 1089 2404 censes
1110 2383 1163 2404 me
1182 2378 1217 2404 ut
1235 2384 1372 2413 peream
1389 2385 1460 2405 sus-

126 2422 273 2458 pectum:
290 2427 411 2448 censes
423 2418 610 2448 interimam
621 2416 762 2448 Mueller
771 2417 903 2456 (Rhein.
920 2417 1008 2448 Mus.
1023 2427 1074 2457 54,
1090 2417 1168 2457 395)
1253 2418 1319 2457 486
1329 2419 1414 2493 {gin
1424 2418 1457 2449 A

178 2470 296 2492 PLAvT.
318 2471 329 2491 1
