1727 2712
601 108 957 147 MENAECHMI
1384 107 1438 144 II.
1457 106 1503 144 iii

114 221 189 258 ER.
226 221 369 270 pallam
405 228 442 258 te
476 220 596 258 hodie
626 220 722 258 mihi
756 220 913 259 dedisse
947 219 1087 258 uxoris.
1167 222 1281 258 ΜΕΝ.
1323 219 1440 258 etiam

1202 299 1307 323 nunc
1327 299 1440 335 nego.

110 350 347 400 egoquidem
387 364 516 400 neque
555 364 745 400 umquam
783 364 943 388 uxorem
986 350 1106 388 habui
1145 363 1274 400 neque
1313 350 1442 388 habeo

1214 429 1343 465 neque
1364 416 1441 454 huc

27 493 94 528 400
111 494 310 530 umquam,
353 488 563 531 postquam
607 488 720 518 natus
763 494 862 526 sum,
903 479 1002 518 intra
1047 488 1199 530 portam
1239 479 1441 529 penetraui

1284 545 1439 594 pedem.

108 610 247 659 prandi
279 611 317 649 in
348 611 450 659 naui,
483 611 576 649 inde
606 612 683 649 huc
713 624 800 649 sum
830 624 1017 660 egressus,
1050 618 1088 649 te
1122 609 1303 649 conueni.
1365 612 1438 648 ER.

1293 677 1438 722 eccere,

108 741 203 791 perii
239 741 407 780 misera!
436 755 556 791 quam
588 749 628 779 tu
664 741 759 779 mihi
794 755 900 779 nunc
931 755 1074 779 nauem
1105 742 1265 778 narras?
1323 742 1438 778 ΜΕΝ.
1461 755 1503 786 50

1258 805 1438 855 ligneam,

107 885 223 921 saepe
245 871 385 918 tritam,
408 885 525 921 saepe
547 873 673 917 fixam,
698 885 815 921 saepe
835 884 1038 909 excussam
1061 872 1203 909 malleo
1218 885 1228 917 3

107 935 218 985 quasi
239 937 414 985 supellex
434 935 628 985 pellionis‚
651 937 762 986 palus
784 937 874 985 palo
895 943 1136 985 proxumust.

23 1010 86 1047 405
108 1002 183 1038 ER.
216 1000 335 1047 †iam,
357 1001 512 1046 amabo,
536 1000 674 1039 desine
684 1007 701 1038 ‘t
726 1001 840 1039 ludos
868 1002 995 1039 facere
1015 1009 1134 1050 atque
1155 1000 1165 1038 i
1187 1002 1261 1038 hac
1282 1014 1439 1039 mecum

1301 1067 1437 1104 semul.

106 1132 221 1169 MEN.
254 1131 388 1170 nescio
414 1145 544 1181 quem,
569 1130 717 1178 mulier,
740 1131 861 1170 alium
888 1131 1104 1178 hominem,
1127 1145 1207 1170 non
1235 1145 1299 1169 me
1325 1145 1438 1181 quae-

1334 1196 1436 1235 ritas.

106 1264 181 1300 ER.
200 1276 280 1301 non
297 1276 370 1313 ego
385 1270 422 1301 te
435 1262 530 1301 noui
546 1263 1052 1310 Menaechmun1,Moscho
1066 1269 1301 1313 prognatum
1315 1270 1438 1312 patre,
1459 1275 1499 1307 55

105 1326 172 1377 qui
193 1327 392 1377 Syracusis
413 1327 619 1377 perhibere
640 1335 755 1365 natus
776 1341 862 1366 esse
882 1327 922 1365 in
944 1327 1084 1373 Sicilia,

8 1405 85 1441 9-10
104 1392 172 1431 ubi
193 1406 258 1431 rex
278 1393 518 1442 Agathocles
540 1399 721 1442 regnator
741 1392 813 1430 fuit
833 1400 872 1430 et
893 1392 1032 1431 iterum
1055 1392 1222 1439 Phintia,

104 1457 260 1495 tertium
284 1458 440 1508 Liparo,
460 1457 527 1507 qui
548 1456 587 1494 in
609 1464 735 1495 morte
756 1470 919 1506 regnum
942 1456 1111 1495 Hieroni
1132 1457 1302 1504 tradidit,

104 1537 210 1562 nunc
232 1523 358 1562 Hiero
379 1525 467 1561 est?
524 1524 638 1560 ΜΕΝ.
663 1524 741 1561 hau
762 1524 868 1570 falsa,
892 1522 1041 1569 mulier,
1064 1522 1266 1573 praedicas
1329 1525 1434 1562 MES.

1144 1600 1214 1637 pro
1237 1587 1436 1638 Iuppiter!

105 1655 201 1692 mim
221 1653 340 1692 istaec
362 1652 501 1690 mulier
520 1651 626 1690 illinc
647 1651 756 1690 uenit
776 1665 878 1702 quae
899 1659 937 1690 te
958 1651 1069 1690 nouit
1090 1659 1169 1690 tam
1190 1654 1308 1690 cate?
1457 1660 1499 1692 60

0 1727 85 1771 ¹14-5,
107 1720 221 1756 ΜΕΝ.
258 1719 388 1757 hercle
432 1718 583 1768 opinor,
624 1716 826 1768 pernegari
868 1731 948 1755 non
993 1724 1134 1767 potest.
1236 1718 1341 1755 MEs.
1387 1731 1437 1756 ne

1286 1782 1434 1821 feceris.

101 1848 261 1898 periisti,
282 1848 314 1887 si
334 1848 507 1887 intrassis
529 1849 629 1887 intra
649 1848 781 1887 limen.
842 1850 957 1886 ΜΕΝ.
988 1847 1083 1897 quin
1105 1855 1145 1885 tu
1167 1854 1253 1885 tace
1274 1848 1406 1886 modo.

101 1913 203 1952 bene
224 1928 283 1952 res
304 1913 457 1963 geritur.
518 1901 758 1952 adsentabor
779 1913 975 1963 quidquid
996 1913 1101 1951 dicet
1122 1912 1285 1959 mulieri,

101 1978 132 2017 si
153 1993 314 2029 possum
336 1978 551 2029 hospitium
573 1978 757 2017 nancisci.
817 1978 895 2016 iam
917 1979 1084 2025 dudum,
1106 1977 1255 2025 mulier,
1278 1977 1350 2016 tibi

0 2055 84 2090 19-20
100 2058 181 2083 non
202 2045 418 2095 inprudens
439 2044 701 2083 aduorsabar:
733 2045 839 2082 hunc
860 2044 1086 2083 metuebam
1108 2043 1148 2081 ni
1170 2056 1281 2081 meae
1454 2052 1494 2093 65

101 2109 209 2147 uxori
230 2108 469 2148 renuntiaret
489 2109 540 2147 de
560 2110 663 2158 palla
682 2116 720 2147 et
741 2110 791 2147 de
811 2108 987 2159 prandio.

100 2188 220 2222 nunc,
233 2175 395 2224 quando
411 2173 482 2220 uis,
497 2186 632 2211 eamus
648 2172 761 2210 intro.
813 2175 886 2211 ER.
911 2173 1027 2212 etiam
1045 2172 1258 2223 parasitum
1274 2175 1433 2211 manes?

141 2288 205 2317 405
230 2277 364 2317 desine]
383 2277 507 2308 desiste
523 2276 693 2307 Fleckeisen
826 2287 888 2315 412
914 2276 998 2307 salsa
1014 2276 1108 2307 Ital.:
1134 2275 1222 2306 salsa
1238 2275 1303 2307 cod.
1322 2275 1353 2315 <s
1371 2281 1433 2317 pro

99 2321 128 2358 s;
153 2322 196 2351 vi.
220 2322 250 2359 Ι)
352 2331 416 2360 413
441 2321 490 2351 vel
504 2320 586 2350 illim
697 2329 805 2358 414—5
824 2320 874 2350 vel
887 2320 991 2359 opino
1103 2330 1232 2358 419—20
1256 2318 1304 2359 ni]
1324 2330 1367 2350 ne
1383 2318 1431 2350 Β2

99 2375 159 2403 421
186 2364 380 2395 renuntiare
396 2363 461 2395 cod.
483 2365 573 2404 (corr.
593 2362 654 2400 3²)
