1727 2712
687 137 959 176 ASINARIA
1411 135 1489 173 III.
1511 134 1554 171 iii

158 248 313 287 datisne
341 250 576 298 argentum?
634 250 693 286 L1.
726 248 757 286 si
787 247 949 297 quidem
985 246 1081 285 mihi
1115 254 1282 284 statuam
1319 254 1356 284 et
1385 259 1491 284 aram

1356 310 1492 349 statuis

159 387 277 429 atque
298 386 340 416 ut
357 379 433 417 deo
451 378 503 416 mi
518 378 581 417 hic
595 378 776 416 immolas
790 378 936 416 bouem
955 392 961 415 :
983 391 1074 415 nam
1092 391 1165 427 ego
1182 376 1251 415 tibi
1266 377 1378 415 Salus
1392 389 1490 414 sum.

161 446 231 482 LE.
264 443 382 482 etiarn
418 451 469 490 tu,
507 457 581 491 ere,
620 443 747 482 istunc
780 456 943 481 amoues
977 456 1047 492 aps
1087 450 1124 480 te
1159 449 1278 492 atque
1312 439 1395 490 ipse
1430 454 1493 479 me

1280 505 1493 556 adgredere

73 592 138 629 715
159 582 277 624 atque
298 574 364 612 illa
384 573 458 612 sibi
479 588 580 624 quae
601 573 664 612 hic
685 573 848 612 iusserat
870 571 965 610 mihi
987 572 1123 610 statuis
1145 571 1452 622 supplicasque?
1515 585 1575 618 125

160 641 264 678 ARG.
298 653 416 689 quern
452 647 490 677 te
523 646 656 678 autem
691 638 828 677 diuom
864 637 1097 676 nominem?
1159 639 1224 675 Le.
1263 638 1489 683 Fortunam,

1036 710 1155 752 atque
1177 703 1488 753 Opsequentem.

160 772 265 808 ARG.
298 769 374 808 iam
403 769 501 808 istoc
528 783 569 808 es
598 769 744 808 melior.
805 770 865 806 L1.
896 782 946 806 an
975 767 1071 818 quid
1099 775 1157 806 est
1186 766 1314 820 [olim]
1340 766 1491 806 homini

1170 834 1303 872 Salute
1324 832 1493 871 melius?

159 903 264 939 ΑΚΘ.
296 900 387 938 licet
408 901 565 938 laudem
589 902 815 945 Fortunam,
838 906 971 937 tamen
992 906 1034 936 ut
1055 912 1105 937 ne
1126 899 1299 937 Salutem
1322 899 1489 948 culpem.

160 968 234 1004 PH.
267 974 419 1004 ecastor
439 966 579 1003 ambae
600 972 691 1003 sunt
711 965 851 1004 bonae.
911 966 1016 1002 ARG.
1049 963 1170 1002 sciam
1191 963 1259 1002 ubi
1281 963 1374 1001 boni
1396 963 1493 1013 quid

1298 1028 1490 1067 dederint.

72 1107 142 1143 720
160 1098 230 1135 LE.
263 1104 357 1147 opta
395 1096 435 1135 id
473 1097 582 1146 quod
621 1103 663 1134 ut
700 1094 903 1145 c6ntingat
941 1094 1012 1133 tibi
1051 1094 1120 1133 uis.
1189 1096 1294 1133 ARG.
1327 1094 1423 1144 quid
1462 1093 1493 1132 si
1516 1108 1578 1140 130

993 1161 1162 1210 optaro?
1220 1161 1289 1197 LE.
1323 1159 1490 1198 eueniet.

158 1229 265 1266 ARG.
296 1234 393 1277 opto
430 1240 579 1265 annum
623 1226 730 1264 hunc
768 1233 1001 1276 perpetuom
1046 1224 1142 1262 mihi
1186 1224 1301 1262 huius
1341 1238 1490 1274 operas.

1160 1291 1230 1327 LE.
1264 1288 1490 1338 impetrasti.

156 1359 261 1396 ARG.
293 1356 358 1395 ain
374 1358 498 1395 uero?
546 1358 617 1394 LE.
649 1363 753 1395 certe
774 1355 946 1406 inquam.
998 1356 1059 1392 L1.
1090 1355 1141 1393 ad
1159 1368 1221 1393 me
1237 1354 1302 1393 adi
1319 1354 1492 1393 uicissim

1166 1428 1286 1470 atque
1306 1420 1492 1470 experire.

158 1495 301 1538 exopta
320 1486 361 1526 id
382 1488 491 1538 quod
512 1486 571 1525 uis
593 1500 776 1525 maxume
797 1485 866 1524 tibi
888 1485 1070 1524 euenire:
1100 1486 1180 1524 fiet.

158 1555 263 1592 ARG.
317 1552 414 1603 quid
449 1566 523 1603 ego
557 1552 664 1591 aliud
696 1559 879 1602 exoptem
911 1551 1080 1602 amplius
1112 1550 1187 1589 nisi
1222 1550 1318 1590 illud
1350 1550 1492 1601 quoius

1309 1616 1490 1666 inopiast,

71 1693 136 1730 725
158 1682 296 1734 uiginti
316 1682 464 1734 argenti
485 1684 718 1722 commodas
740 1682 881 1730 minas,
901 1681 1017 1720 huius
1038 1695 1136 1732 quas
1157 1683 1248 1720 dern
1271 1681 1413 1720 matri?
1515 1699 1575 1732 135

158 1750 218 1787 L1.
251 1749 460 1795 dabuntur,
483 1748 618 1787 animo
640 1749 692 1787 sis
713 1749 821 1787 bono
842 1749 938 1795 face,
961 1755 1144 1798 exoptata
1165 1747 1382 1798 optingent.

157 1816 264 1852 ARG.
297 1822 339 1852 ut
361 1827 614 1861 consueuere,
639 1813 821 1852 homines
843 1815 956 1852 Salus
977 1814 1181 1851 frustratur
1201 1820 1238 1851 et
1261 1814 1444 1851 Fortuna.

158 1880 228 1917 LE.
261 1892 334 1929 ego
355 1887 473 1929 caput
494 1879 587 1917 huic
607 1886 770 1929 argento
791 1878 844 1917 fui
864 1877 972 1930 (tibi)
992 1878 1113 1918 hodie
1134 1878 1381 1929 reperiundo.

158 1945 218 1982 L1.
251 1957 324 1994 ego
357 1957 427 1994 pes
461 1944 526 1983 fui.
585 1947 691 1983 ARG.
723 1944 818 1994 quin
854 1958 928 1983 nec
962 1952 1080 1994 caput
1114 1958 1188 1982 nec
1222 1957 1290 1994 pes
1321 1944 1491 1983 sermoni

1317 2017 1488 2059 apparet.

71 2085 140 2121 730
158 2087 231 2113 nec
252 2074 347 2125 quid
368 2074 507 2114 dicatis
528 2074 626 2114 seire
646 2087 720 2113 nec
741 2086 805 2113 me
825 2088 897 2125 qur
917 2075 1061 2114 ludatis
1082 2088 1254 2125 possum.
1514 2092 1574 2124 ¹40

201 2188 262 2218 714
286 2178 305 2208 i.
324 2179 365 2209 ad
380 2189 432 2209 me
449 2179 587 2219 Langen
603 2190 608 2208 :
627 2179 737 2218 ipsum
750 2188 803 2209 me
814 2177 989 2209 Acidalz'ns
1042 2179 1091 2209 vel
1105 2178 1165 2218 ips'
1181 2179 1256 2210 med
1311 2180 1491 2219 adgredire

156 2221 191 2251 D
215 2225 289 2252 ante
312 2233 392 2254 corr.
536 2224 599 2262 716
623 2223 724 2252 deum
749 2221 815 2253 cod.
843 2222 945 2262 (2pr0
965 2222 1116 2263 deinum)
1239 2233 1300 2262 717
1326 2224 1404 2254 olim
1431 2224 1489 2255 del.

156 2265 230 2297 Ital.
244 2266 298 2306 (ex
313 2266 439 2297 homini
457 2265 645 2306 compendio
660 2267 774 2306 scripto
790 2268 923 2297 ortum?
939 2278 947 2305 3
975 2266 1018 2297 iv.
1033 2268 1068 2305 3)
1226 2276 1289 2306 725
1316 2268 1490 2298 commoda

157 2308 244 2339 codd.
264 2308 367 2340 Nonii
380 2311 444 2340 266
544 2320 603 2348 727
629 2319 796 2340 consuere
811 2309 878 2341 cod.
899 2311 964 2350 (1'.e.
981 2315 1071 2340 -sue-
1085 2310 1112 2349 2)
1213 2312 1275 2349 728
1292 2309 1396 2354 (tibi)
1412 2311 1488 2342 add.

159 2352 332 2383 Fleckeisen
423 2364 486 2393 729
510 2354 658 2384 sermoni
682 2353 837 2393 Bentley:
871 2353 1040 2384 sermonis
1060 2352 1124 2384 cod.
1227 2364 1291 2393 730
1314 2355 1403 2386 scire
1417 2359 1491 2386 ante

158 2406 297 2435 possum
313 2396 379 2428 cod.
398 2408 404 2427 ε
431 2408 511 2429 corr.
529 2397 708 2428 Hermann
