1727 2712
701 134 975 176 ASINARIA
1450 134 1496 176 V.
1518 134 1533 175 i

83 251 148 297 845
170 259 308 285 uerum
328 245 442 285 istam
463 260 565 285 amo.
615 247 732 286 aliam
753 254 884 286 tecum
901 261 987 286 esse
1003 247 1189 298 equidem
1210 247 1323 287 facile
1339 261 1500 298 possum

1337 313 1498 363 perpeti.

169 378 245 415 DE.
276 385 315 415 at
335 391 409 428 ego
429 379 532 417 hanc
552 380 655 417 uolo.
715 380 820 417 ARG.
852 392 944 428 ergo
965 386 1056 417 sunt
1071 392 1173 429 quae
1188 385 1349 429 exoptas
1367 393 1373 415 z
1404 377 1501 415 mihi

974 458 1075 494 quae
1096 445 1170 493 ego
1189 450 1372 494 exoptem
1393 444 1496 482 uolo.

170 508 245 545 DE.
277 521 401 545 unum
429 508 536 546 hunc
563 508 670 547 diem
700 516 915 558 perpetere,
945 508 1134 558 quoniam
1161 508 1232 546 tibi
1261 515 1498 559 potestatem

1404 573 1497 612 dedi

166 651 256 675 cum
278 639 351 676 hac
371 652 520 676 annum
542 647 584 677 ut
605 652 720 686 esses,
743 646 861 689 atque
881 639 1028 677 amanti
1049 638 1198 689 argenti
1219 638 1293 677 feci
1314 638 1480 688 copiam.
1520 650 1559 670 20

78 684 147 774 ἓξὲξ
166 705 270 741 ARG.
303 717 366 742 ern
396 703 495 742 istoc
525 718 588 743 me
618 706 722 743 facto
752 704 822 742 tibi
852 703 1038 743 deuinxti.
1101 705 1176 741 DE.
1209 703 1304 753 quin
1335 711 1372 742 te
1406 717 1498 753 ergo

1092 769 1259 807 hilarum
1280 769 1351 807 das
1372 768 1499 806 mihi?

215 881 535 917 ARTEMONA
648 881 966 917 PARAs1Tvs
1078 881 1446 917 ARGVprvs
1516 878 1546 914 ii

395 947 783 982 DEMAENETVS
896 946 1266 981 PHILAENIVM

163 1028 267 1065 ART.
300 1027 377 1064 Ain
399 1034 441 1064 tu
463 1040 594 1064 meum
617 1025 744 1064 uirum
766 1025 830 1064 hic
851 1033 997 1076 potare,
1021 1026 1201 1076 opsecrO,
1221 1039 1313 1064 cum
1335 1025 1417 1064 filio

163 1099 201 1130 et
220 1093 271 1130 ad
291 1091 460 1130 amicam
482 1091 669 1130 detulisse
690 1090 839 1141 argenti
861 1090 999 1140 uiginti
1021 1090 1148 1128 minas

165 1171 333 1207 meoque
354 1157 436 1195 filio
456 1156 604 1195 sciente
625 1156 666 1195 id
686 1158 813 1195 facere
834 1155 1023 1206 flagitium
1045 1158 1226 1206 patrem?

164 1224 233 1260 ΡΑ.
275 1236 404 1273 neque
442 1222 567 1261 diuini
606 1236 736 1273 neque
775 1221 829 1260 mi
871 1221 1034 1260 humani
1077 1223 1243 1272 posthac
1282 1221 1496 1272 quicquam

1269 1288 1494 1335 accoeduas,

74 1360 139 1405 855
162 1354 388 1399 Artemona,
412 1352 443 1391 si
464 1352 581 1391 huius
601 1353 654 1392 rei
677 1366 740 1391 me
761 1355 846 1392 e‘sse
868 1354 1101 1392 mendacem
1122 1352 1331 1391 inueneris.
1517 1366 1534 1397 5

160 1420 264 1456 ART.
295 1426 335 1456 at
355 1420 520 1457 scelesta
540 1432 613 1468 ego
634 1425 786 1468 praeter
805 1417 902 1456 alios
924 1431 1057 1457 meum
1079 1417 1206 1456 uirum
1227 1417 1326 1468 frugi
1347 1425 1438 1465 rata,

158 1485 318 1532 siccum,
342 1485 451 1536 frugi,
475 1485 757 1532 continentem,
780 1492 980 1523 amantem
1002 1484 1132 1523 uxoris
1154 1498 1347 1523 maxume.

161 1552 229 1589 PA.
260 1558 300 1589 at
326 1565 433 1589 nunc
459 1550 604 1590 dehinc
631 1550 730 1589 scito
760 1550 869 1588 illum
897 1557 989 1588 ante
1018 1549 1148 1588 omnis
1177 1549 1330 1587 minimi
1355 1557 1495 1588 morta-

1282 1616 1360 1653 lem
1382 1615 1491 1666 preti,

160 1681 376 1728 madidum,
400 1680 523 1728 nihili,
545 1680 858 1719 incontinentem
879 1687 998 1730 atque
1018 1693 1174 1718 osorem
1194 1680 1324 1719 uxoris
1346 1694 1449 1719 suae.

67 1753 138 1790 860
157 1748 261 1785 ART.
294 1748 361 1797 pol
388 1746 428 1784 ni
455 1746 575 1785 istaec
602 1759 695 1784 uera
721 1753 863 1792 essent,
892 1758 1111 1795 numquam
1142 1746 1286 1784 faceret
1315 1759 1361 1784 ea
1390 1759 1492 1796 quae
1516 1756 1553 1778 10

1258 1824 1366 1849 nunc
1386 1811 1489 1850 facit.

157 1880 226 1917 PA.
259 1892 332 1929 ego
353 1891 513 1929 quoque
533 1878 663 1916 hercle
684 1876 793 1915 illurn
814 1878 983 1915 antehac
1003 1876 1207 1916 hominem
1229 1890 1384 1927 semper
1403 1891 1490 1915 sum

1253 1942 1352 1993 frugi
1372 1950 1489 1990 ratus,

155 2023 292 2050 uerum
314 2011 392 2050 hoc
411 2012 516 2049 facto
537 2024 622 2049 sese
643 2009 827 2057 ostendit,
851 2009 918 2060 qui
939 2008 1102 2060 quidem
1123 2022 1214 2047 cum
1236 2007 1317 2046 filio

154 2084 265 2126 potet
285 2090 364 2115 una
383 2084 503 2126 atque
523 2089 602 2114 una
621 2075 789 2114 amicam
811 2077 959 2122 ductet,
982 2074 1206 2125 decrepitus
1227 2087 1356 2112 senex.

155 2143 258 2179 ART.
291 2143 369 2180 hoc
389 2148 542 2180 ecastor
561 2147 620 2179 est
641 2141 749 2191 quod
771 2140 834 2178 ille
855 2140 883 2178 it
904 2141 955 2178 ad
975 2153 1115 2178 cenam
1137 2138 1310 2177 cottidie.

68 2213 134 2258 865
155 2206 209 2244 ait
228 2220 313 2246 sese
333 2206 388 2246 ire
407 2207 458 2246 ad
479 2205 778 2252 Archidemum,
802 2206 1036 2252 Chaeream,
1056 2205 1386 2251 Chaerestratum,
1511 2218 1547 2249 ¹5

199 2312 262 2350 855
285 2310 335 2342 vel
348 2311 424 2342 med
523 2320 598 2341 esse
623 2320 676 2340 me
694 2309 839 2350 Seyffert,
847 2309 981 2348 favente
991 2308 1213 2339 allitteralzbne
1227 2319 1232 2339 :
1258 2318 1334 2338 esse
1351 2307 1408 2338 del.
1423 2307 1488 2338 Leo

155 2354 220 2393 856
243 2354 346 2395 frugi]
371 2355 415 2385 sui
433 2354 594 2394 Pylades:
628 2354 757 2384 sueram
782 2354 826 2393 (ἓ)
845 2353 909 2383 Leo
1092 2353 1156 2382 860
1181 2352 1245 2382 ista
1270 2362 1350 2382 uera
1378 2362 1408 2382 e.
1433 2351 1486 2382 B:

156 2408 235 2428 uera
253 2398 318 2428 ista
334 2409 362 2428 e.
380 2398 448 2428 DE
468 2398 522 2437 (cf.
540 2396 689 2437 Lindsay
709 2396 756 2427 ad
780 2397 874 2437 Capi.
889 2397 969 2437 964)
984 2407 990 2428 z
1015 2396 1097 2435 sort.
1119 2405 1201 2426 uera
1220 2395 1326 2426 istaec
1345 2395 1413 2426 sint
1431 2395 1484 2437 (cf.

157 2441 327 2482 Lindskog
342 2441 379 2472 de
395 2441 678 2472 Condv'a'onalibus
693 2451 726 2481 p.
747 2443 822 2479 102)
