1727 2712
634 97 869 145 ACTVS
920 98 938 145 Ι

443 198 717 236 ΕΡΙΒῐον5
827 199 1122 236 THESPRIO
1473 196 1541 234 I.i

53 317 60 322 .
122 287 192 324 ΕΡ.
225 285 351 332 Heus,
382 285 639 324 adulescens!
697 287 775 323 ΤΗ.
809 285 896 335 quis
926 293 1201 336 properantem
1234 299 1297 323 me
1327 298 1450 335 repre-

1141 351 1279 389 hendit
1300 349 1450 399 pallio?

122 416 190 453 ΕΡ.
224 415 432 454 familiaris.
493 417 572 453 TH.
596 417 728 463 fateor,
748 429 840 453 nam
855 415 949 454 odio
965 429 1006 454 es
1020 416 1185 454 nimium
1200 414 1447 454 familiariter.

283 481 352 517 ΕΡ.
385 479 534 531 respice
557 494 664 528 uero,
686 480 892 531 Thesprio.
951 482 1030 518 ΤΗ.
1062 482 1125 527 oh,

284 544 549 594 Epidicumne
569 559 642 596 ego
663 545 904 596 conspicor?

83 623 100 659 5
285 612 353 647 ΕΡ.
386 610 467 648 sati’
489 618 592 650 recte
613 611 737 650 oculis
757 610 887 649 uteris.
1474 626 1492 658 5

282 677 361 713 TH.
394 677 512 714 salue.
574 678 644 714 ΕΡ.
677 676 717 715 di
738 677 834 715 dent
855 690 957 726 quae
978 676 1085 715 uelis.

176 740 309 779 uenire
338 742 490 779 saluom
520 743 684 792 gaudeo.
745 743 824 779 TH.
858 741 953 792 quid
979 743 1186 780 ceterum?
1243 743 1312 780 ΕΡ.
1345 741 1454 791 quod

1209 820 1258 845 eo
1277 808 1429 845 adsolet
1447 821 1454 845 :

175 884 274 910 cena
304 871 375 909 tibi
407 871 574 910 dabitur.
648 874 728 910 ΤΗ.
761 873 1068 923 spondeo—EF.
1102 871 1227 922 quid?
1283 873 1361 909 ΤΗ.
1392 885 1455 909 me

991 945 1258 988 accepturum,
1279 936 1310 974 si
1330 935 1453 974 dabis.

445 1003 514 1041 ΕΡ.
548 1002 644 1053 quid

62 1074 103 1116 9³
391 1069 432 1106 tu
453 1066 565 1118 agis?
594 1076 636 1106 ut
657 1069 764 1107 uales
781 1070 797 1106 ?
853 1070 931 1107 ΤΗ.
964 1082 1025 1107 ex-

63 1133 105 1179 9b
285 1134 459 1183 emplum
480 1134 620 1172 adesse
642 1133 839 1184 intellego.
902 1136 971 1172 ΕΡ.
1004 1136 1150 1184 eugae!

64 1208 105 1234 10
123 1198 388 1249 corpulentior
409 1197 544 1236 uidere
564 1206 683 1249 atque
703 1198 884 1237 habitior.
944 1200 1023 1236 TH.
1056 1198 1148 1236 huic
1168 1196 1300 1248 gratia.
1479 1213 1518 1235 10

286 1265 355 1301 ΕΡ.
389 1277 508 1314 quam
529 1264 691 1314 quidem
714 1272 751 1302 te
772 1264 849 1302 iam
871 1264 939 1302 diu

44 1335 104 1366 11⁸
284 1328 502 1378 perdidisse
522 1329 706 1379 oportuit.

125 1396 202 1433 TH.
235 1393 355 1432 minu'
390 1394 467 1432 iarn
499 1394 689 1433 furtificus
729 1407 816 1433 sum
851 1408 971 1444 quarn
1006 1395 1183 1433 antehac.
1256 1395 1325 1432 ΕΡ.
1360 1392 1456 1443 quid

858 1460 941 1498 ita?
997 1462 1075 1498 TH.
1110 1460 1217 1510 rapio
1239 1460 1453 1510 propalam.

125 1527 195 1564 ΕΡ.
227 1526 267 1564 di
288 1526 514 1565 inmortales
536 1533 574 1564 te
594 1525 806 1573 infelicent,
830 1533 872 1564 ut
894 1534 935 1564 tu
955 1539 996 1564 es
1017 1525 1202 1575 gradibus
1218 1524 1431 1574 grandibus
1449 1527 1456 1562 !

124 1605 214 1630 narn
236 1600 278 1630 ut
298 1593 404 1642 apud
425 1599 582 1642 portum
604 1599 642 1630 te
663 1591 860 1642 conspexi,
885 1590 1078 1629 curriculo
1106 1590 1243 1640 occepi
1264 1589 1373 1639 sequi
1395 1604 1401 1627 :

65 1667 104 1704 15
124 1656 189 1694 uix
208 1656 453 1707 adipiscendi
475 1658 648 1707 potestas
665 1658 787 1695 modo
804 1656 885 1694 fuit.
927 1658 1006 1694 TH.
1032 1669 1162 1694 scurra
1182 1668 1233 1693 es.
1282 1656 1350 1692 ΕΡ.
1375 1654 1457 1692 scio
1479 1664 1516 1696 15

123 1729 162 1760 te
191 1735 275 1760 esse
305 1721 490 1772 equidem
518 1721 721 1760 hominem
743 1721 961 1760 militarem.
1021 1722 1100 1758 ΤΗ.
1133 1721 1318 1758 audacter
1337 1732 1455 1769 quam

1241 1784 1300 1822 uis
1321 1783 1453 1822 dicito.

126 1852 194 1889 ΕΡ.
226 1852 322 1902 quid
351 1852 462 1902 agis?
500 1860 715 1903 perpetuen
745 1852 934 1890 ualuisti?
989 1853 1069 1889 ΤΗ.
1103 1850 1217 1888 uarie.
1288 1851 1356 1888 ΕΡ.
1390 1849 1456 1898 qui

1184 1914 1289 1952 uarie
1311 1915 1455 1961 ualent,

177 1981 452 2031 capreaginum
481 1982 688 2020 hominum
716 1995 796 2020 non
826 1983 954 2033 placet
984 1981 1081 2019 mihi
1111 1994 1239 2030 neque
1266 1979 1458 2030 pantheri-

1208 2059 1302 2083 num
1323 2058 1455 2094 genus,

169 2162 182 2182 1
209 2153 391 2192 prehendit
408 2152 441 2182 Ρ
573 2162 592 2191 5
617 2152 700 2183 satis
724 2162 788 2183 om.
808 2151 842 2182 P
853 2155 983 2192 propter
999 2151 1176 2182 laceratam
1193 2148 1354 2188 archetypi
1364 2150 1457 2187 pagi-

124 2207 205 2227 nam
224 2197 277 2236 (cf.
295 2196 343 2227 ad
355 2207 383 2228 v.
407 2196 462 2235 19)
565 2201 658 2226 certe
675 2194 709 2225 Ρ
722 2196 795 2236 (pro
811 2199 915 2233 recte,
938 2199 976 2225 ut
994 2195 1028 2225 in
1053 2194 1126 2225 Cas.
1147 2194 1226 2227 260)
1328 2202 1344 2229 7
1369 2192 1457 2230 quod

124 2249 165 2270 eo
182 2240 250 2270 ads.
269 2238 465 2280 Thesprioni
474 2240 645 2270 continuat
658 2239 692 2268 A
790 2240 827 2278 9²
851 2239 936 2269 uelis
954 2238 987 2268 Ρ
1078 2248 1116 2267 10
1141 2237 1287 2267 habitior
1303 2235 1459 2265 Donatus

124 2282 208 2314 Eun.
229 2293 257 2315 2.
278 2293 309 2322 2,
334 2293 383 2321 11,
402 2282 531 2313 Paulus
558 2292 617 2313 102
635 2282 739 2312 locum
763 2292 828 2312 non
852 2282 1010 2318 indicam,
1032 2286 1112 2320 corp.
1128 2279 1228 2320 gloss.
1257 2279 1312 2310 lat.
1340 2288 1371 2317 5,
1393 2288 1458 2317 72:

124 2326 242 2356 abilior
262 2327 294 2356 A
315 2338 321 2357 :
344 2326 465 2365 agilior
487 2326 520 2356 P
647 2336 684 2364 13
709 2331 742 2356 te
759 2336 824 2356 om.
842 2325 876 2356 Ρ
961 2325 1018 2355 vix
1033 2325 1061 2355 is
1078 2324 1109 2353 A
1132 2323 1182 2361 (cſs
1203 2322 1249 2352 ad
1265 2322 1357 2352 Cure.
1377 2322 1456 2362 611)

127 2379 163 2409 14
188 2370 337 2400 curculio
354 2369 388 2399 Ρ
500 2371 539 2400 16
561 2370 697 2409 quidem
714 2368 747 2399 P
858 2379 893 2407 17
921 2367 1013 2405 ais]
