1727 2702
177 105 274 146 V.11
673 109 718 146 T.
753 109 931 149 MACCI
964 110 1167 148 PLAVTI

184 228 226 260 45
247 219 317 257 ΕΡ.
350 218 466 257 etiam
494 218 713 258 inclamitor
733 219 844 270 quasi
873 221 1036 259 seruos?
1097 222 1165 258 PE.
1197 234 1318 270 quom
1347 228 1387 260 tu
1413 234 1454 259 es
1477 220 1575 260 liber

1407 287 1572 336 gaudeo.

249 350 317 388 ΕΡ.
351 349 473 388 merui
501 357 541 387 ut
565 350 706 388 fierem.
780 352 847 388 PE.
881 357 921 388 tu
953 350 1156 389 meruisti?
1224 352 1293 390 ΕΡ.
1326 351 1429 390 uisse
1450 350 1575 390 intro:

1275 430 1348 466 ego
1369 417 1457 455 faxo
1476 416 1576 455 scies

249 481 323 517 hoc
356 479 408 517 ita
441 492 536 518 esse.
617 481 684 517 PE.
725 479 821 530 quid
856 487 914 519 est
949 480 1110 530 negoti?
1178 483 1246 519 ΕΡ.
1283 480 1360 519 iam
1394 480 1478 531 ipsa
1516 494 1575 520 res

1367 546 1470 585 dicet
1491 545 1572 584 tibi.

245 608 310 648 abi
343 610 463 649 modo
493 608 603 648 intro.
664 611 736 647 ΑΡ.
769 609 791 657 i,
825 609 916 648 illuc
947 624 1026 648 non
1057 617 1249 649 teme-rest.
1310 612 1378 648 PE.
1410 611 1576 649 adserua

1132 675 1264 723 istum,
1285 675 1576 725 Apoecides.—

248 741 319 778 ΑΡ.
336 739 431 790 quid
446 739 548 786 illuc,
562 739 737 790 Epidiee‚
749 747 806 778 est
821 740 982 790 negoti?
1013 742 1081 779 ΕΡ.
1099 753 1281 778 maxuma
1295 741 1425 779 hercle
1438 740 1577 779 iniuria
1596 753 1635 788 7¹
1643 752 1661 790 5
1677 738 1682 785 j

187 819 229 852 50
248 805 404 844 uinctus
425 813 522 852 asto,
547 805 688 855 quoius
709 806 807 844 haec
827 805 947 844 hodie
967 819 1086 856 opera
1107 805 1303 844 inuentast
1324 805 1412 844 filia.

248 874 319 910 ΑΡ.
342 871 407 909 ain
429 878 470 909 tu
493 878 529 909 te
546 870 648 909 illius
666 869 863 909 inuenisse
879 870 1030 909 filiam?
1083 873 1151 909 ΕΡ.
1176 870 1309 910 inueni
1326 878 1363 909 et
1379 870 1487 910 domi
1504 878 1573 909 est.

247 937 318 985 sed
335 943 375 974 ut
391 936 577 975 acerbum
597 942 654 974 est
671 949 741 986 pro
760 936 861 974 bene
878 935 989 974 factis
1005 949 1126 986 quom
1143 935 1234 974 mali
1252 935 1408 974 messim
1428 943 1551 974 metas
1568 939 1574 974 Ξ

247 1003 320 1039 ΑΡ.
338 1015 510 1051 quamne
527 1002 646 1039 hodie
660 1014 728 1051 per
743 1001 880 1040 urbem
895 1008 1059 1051 uterque
1073 1002 1198 1040 sumu'
1212 1001 1353 1040 defessi
1368 1003 1576 1051 quaerere?

249 1069 318 1105 ΕΡ.
351 1080 423 1118 ego
443 1080 530 1106 sum
553 1067 729 1105 defessus
750 1066 926 1117 reperire,
950 1080 1022 1105 uos
1042 1066 1185 1106 defessi
1205 1080 1400 1117 quaerere.
1595 1071 1677 1113 720}

187 1145 227 1177 55
249 1134 316 1170 PE.
349 1131 445 1182 quid
466 1131 528 1170 isti
551 1131 667 1170 oratis
689 1145 807 1181 opere
829 1133 968 1170 tanto?
995 1130 1097 1183 (me)
1116 1131 1303 1170 meruisse
1324 1131 1507 1182 intellego

247 1205 289 1236 ut
309 1197 423 1236 liceat
445 1196 582 1235 merito
605 1196 735 1235 huiius
756 1198 892 1235 facere.
939 1198 1040 1236 cedo
1061 1204 1101 1235 tu
1123 1204 1164 1235 ut
1185 1198 1383 1235 exsoluam
1406 1210 1555 1235 manus.

249 1263 318 1300 ΕΡ.
351 1275 400 1300 ne
429 1260 577 1312 attigas.
652 1263 719 1299 PE.
753 1261 918 1300 ostende
949 1275 1053 1300 uero.
1124 1263 1193 1300 ΕΡ.
1227 1263 1330 1300 nolo.
1396 1263 1463 1299 PE.
1496 1274 1575 1299 non

1279 1340 1446 1376 aequom
1469 1326 1573 1364 facis.

249 1395 317 1431 ΕΡ.
351 1405 567 1442 numquam
601 1392 731 1430 hercle
760 1390 890 1438 hodie,
915 1390 988 1430 nisi
1018 1391 1253 1443 supplicium
1285 1391 1379 1429 mihi
1409 1393 1490 1438 das,
1513 1404 1576 1429 me

1317 1455 1416 1494 solui
1437 1455 1573 1494 sinam.

249 1525 316 1561 PE.
349 1530 557 1573 optumum
590 1529 708 1572 atque
738 1520 1033 1571 aequissumum
1062 1536 1158 1560 oras.
1218 1535 1367 1568 soccos,
1390 1520 1574 1567 tunicam,
1597 1533 1660 1570 725

1679 613 1698 670 ἐξ

1442 1587 1575 1625 allium

188 1660 231 1692 60
250 1652 320 1693 tibi
341 1654 458 1692 dabo.
520 1654 591 1692 ΕΡ.
623 1652 719 1703 quid
740 1653 886 1692 deinde
913 1656 1057 1704 porro?
1114 1655 1181 1692 PE.
1215 1601 1444 1692 libertateni).
1504 1653 1573 1691 ΕΡ.

1353 1727 1392 1757 at
1413 1718 1577 1769 postea?

251 1797 356 1822 nouo
378 1783 517 1822 liberto
538 1797 638 1834 opus
659 1791 717 1822 est
737 1784 846 1834 quod
873 1792 1028 1835 pappet.
1090 1786 1156 1822 PE.
1189 1783 1356 1830 dabitur,
1378 1782 1577 1834 praebebo

1430 1847 1575 1886 cibum.

251 1914 320 1951 ΕΡ.
353 1927 570 1964 numquam
604 1915 734 1953 hercle
764 1914 898 1962 hodie,
928 1913 1000 1953 nisi
1033 1928 1094 1953 me
1124 1914 1275 1960 orassis,
1307 1915 1446 1952 solues,
1507 1914 1574 1950 PE.

1237 1992 1306 2016 oro
1326 1986 1373 2024 tc,
1400 1977 1575 2028 Epidico,

251 2043 345 2082 mihi
368 2051 408 2082 ut
431 2044 609 2094 ignoscas
631 2044 761 2095 siquid
783 2044 997 2096 inprudens
1019 2046 1135 2095 culpa
1156 2043 1317 2094 peccaui
1338 2056 1435 2082 mea.

296 2157 421 2186 711-24
443 2152 601 2188 perpauca
629 2147 783 2188 leguntur
804 2147 837 2177 A
996 2157 1050 2187 7¹1
1079 2147 1263 2178 inclamitor
1286 2146 1383 2185 quasi
1407 2145 1501 2176 ltal.:
1529 2145 1577 2175 in-

251 2191 395 2222 damitor
411 2201 476 2230 quc
503 2191 531 2222 si
549 2190 582 2220 P
598 2191 633 2226 (d
652 2196 713 2231 pro
732 2191 786 2226 ci»,
806 2190 838 2220 A
859 2202 890 2222 n.
909 2191 928 2222 Ι.
1089 2201 1149 2230 714
1176 2190 1218 2220 ibi
1243 2189 1276 2220 P
1292 2189 1358 2229 &abi
1373 2189 1429 2228 J),
1451 2189 1483 2218 A
1504 2199 1537 2220 η.
1552 2189 1573 2220 Ι.

250 2235 280 2265 ei
298 2233 340 2273 P,
356 2234 388 2264 A
409 2246 441 2265 ιι.
459 2234 478 2265 Ι.
572 2234 649 2264 illuc
672 2245 738 2265 non
760 2236 798 2272 (ξ)
816 2233 901 2264 Ι.ιό;
927 2245 993 2264 non
1012 2234 1088 2264 illuc
1105 2233 1144 2268 P.
1164 2233 1196 2263 A
1216 2244 1247 2264 n.
1267 2234 1285 2264 Ι.
1415 2233 1477 2271 718
1500 2232 1578 2262 mali

250 2277 354 2309 Pms:
379 2278 474 2308 maiis
491 2277 529 2316 P,
550 2279 581 2308 A
602 2288 632 2308 n.
654 2277 674 2308 I.
813 2287 870 2315 721
900 2287 951 2308 me
969 2277 1044 2309 add.
1067 2277 1207 2318 Geppert,
1232 2275 1344 2306 chIuw
1365 2274 1495 2313 (Philol.
1523 2284 1575 2315 57,

251 2324 330 2361 231)
359 2321 404 2360 (A
424 2332 455 2350 n.
473 2320 532 2355 Isti:
566 2320 794 2360 promeruisse
818 2321 955 2361 Sejffert
1086 2331 1148 2360 722
1171 2320 1220 2351 vc!
1239 2321 1283 2350 sic
1308 2319 1469 2360 distingue
1495 2318 1578 2349 cedo

251 2370 299 2401 tu,
317 2370 352 2395 ut
369 2375 451 2401 exs„
472 2375 589 2394 manus
723 2374 784 2403 723
807 2365 925 2395 atticas
947 2363 980 2393 P
1000 2364 1042 2405 (C
1056 2369 1116 2404 stro
1132 2364 1176 2400 G)
1290 2364 1353 2402 728
1376 2362 1521 2394 orasscis
1542 2361 1575 2391 A

254 2419 316 2447 7⁵9
341 2409 520 2447 ignoscans
537 2409 568 2438 A
661 2409 770 2447 siquid
787 2411 967 2448 suspectum
983 2419 988 2437 :
1014 2418 1057 2438 an
1075 2408 1161 2447 siqui
1177 2409 1186 2438 ³
