<?xml version="1.0" encoding="UTF-8"?>
<!DOCTYPE html PUBLIC "-//W3C//DTD XHTML 1.0 Transitional//EN"
    "http://www.w3.org/TR/xhtml1/DTD/xhtml1-transitional.dtd">
<html xmlns="http://www.w3.org/1999/xhtml" xml:lang="en" lang="en">
 <head>
  <title>
</title>
<meta http-equiv="Content-Type" content="text/html;charset=utf-8" />
  <meta name='ocr-system' content='tesseract 3.04.00' />
  <meta name='ocr-capabilities' content='ocr_page ocr_carea ocr_par ocr_line ocrx_word'/>
</head>
<body>
  <div class='ocr_page' id='page_1' title='image "./comoediaerecogno01plauuoft_0112.png"; bbox 0 0 1727 2702; ppageno 0'>
   <div class='ocr_carea' id='block_1_1' title="bbox 145 109 1138 150">
    <p class='ocr_par' dir='ltr' id='par_1_1' title="bbox 145 109 1138 150">
     <span class='ocr_line' id='line_1_1' title="bbox 145 109 1138 150; baseline -0.002 0"><span class='ocrx_word' id='word_1_1' title='bbox 145 111 198 150; x_wconf 91' lang='lat'>11.</span> <span class='ocrx_word' id='word_1_2' title='bbox 221 110 267 147; x_wconf 88' lang='lat' dir='ltr'>iv</span> <span class='ocrx_word' id='word_1_3' title='bbox 641 110 687 148; x_wconf 88' lang='lat' dir='ltr'>T.</span> <span class='ocrx_word' id='word_1_4' title='bbox 722 109 903 149; x_wconf 91' lang='lat' dir='ltr'><strong>MACCI</strong></span> <span class='ocrx_word' id='word_1_5' title='bbox 935 110 1138 148; x_wconf 91' lang='lat' dir='ltr'><strong>PLAVTI</strong></span> 
     </span>
    </p>
   </div>
   <div class='ocr_carea' id='block_1_2' title="bbox 158 220 1640 1302">
    <p class='ocr_par' dir='ltr' id='par_1_2' title="bbox 158 220 1640 1302">
     <span class='ocr_line' id='line_1_2' title="bbox 223 220 1549 271; baseline -0.001 -12"><span class='ocrx_word' id='word_1_6' title='bbox 223 223 305 260; x_wconf 79' lang='grc' dir='ltr'>ΜΕ.</span> <span class='ocrx_word' id='word_1_7' title='bbox 339 234 486 271; x_wconf 81' lang='lat' dir='ltr'>quaeso</span> <span class='ocrx_word' id='word_1_8' title='bbox 508 222 638 259; x_wconf 80' lang='lat' dir='ltr'>hercle</span> <span class='ocrx_word' id='word_1_9' title='bbox 659 220 750 267; x_wconf 93' lang='lat' dir='ltr'>noli,</span> <span class='ocrx_word' id='word_1_10' title='bbox 770 222 925 267; x_wconf 83' lang='lat' dir='ltr'>Saurea,</span> <span class='ocrx_word' id='word_1_11' title='bbox 945 233 1032 258; x_wconf 90' lang='lat' dir='ltr'>mea</span> <span class='ocrx_word' id='word_1_12' title='bbox 1051 233 1189 259; x_wconf 86' lang='lat' dir='ltr'>caussa</span> <span class='ocrx_word' id='word_1_13' title='bbox 1208 221 1315 259; x_wconf 84' lang='lat' dir='ltr'>hunc</span> <span class='ocrx_word' id='word_1_14' title='bbox 1335 220 1549 259; x_wconf 90' lang='lat' dir='ltr'>uerberare.</span> 
     </span>
     <span class='ocr_line' id='line_1_3' title="bbox 223 285 1552 336; baseline -0.001 -11"><span class='ocrx_word' id='word_1_15' title='bbox 223 288 291 326; x_wconf 79' lang='lat' dir='ltr'>LE.</span> <span class='ocrx_word' id='word_1_16' title='bbox 325 287 473 325; x_wconf 89' lang='lat' dir='ltr'>utinam</span> <span class='ocrx_word' id='word_1_17' title='bbox 497 300 602 325; x_wconf 88' lang='lat' dir='ltr'>nunc</span> <span class='ocrx_word' id='word_1_18' title='bbox 623 285 804 324; x_wconf 90' lang='lat' dir='ltr'>stimulus</span> <span class='ocrx_word' id='word_1_19' title='bbox 826 286 864 323; x_wconf 90' lang='lat' dir='ltr'>in</span> <span class='ocrx_word' id='word_1_20' title='bbox 894 299 1013 323; x_wconf 86' lang='lat' dir='ltr'>manu</span> <span class='ocrx_word' id='word_1_21' title='bbox 1035 285 1128 323; x_wconf 76' lang='lat' dir='ltr'>mihi</span> <span class='ocrx_word' id='word_1_22' title='bbox 1158 286 1217 332; x_wconf 87' lang='lat' dir='ltr'>sit,</span> <span class='ocrx_word' id='word_1_23' title='bbox 1236 288 1361 324; x_wconf 50' lang='lat' dir='ltr'><strong>&gt;--ME.</strong></span> <span class='ocrx_word' id='word_1_24' title='bbox 1392 286 1552 336; x_wconf 83' lang='lat' dir='ltr'><strong>quiesce</strong></span> 
     </span>
     <span class='ocr_line' id='line_1_4' title="bbox 1389 365 1549 401; baseline 0 -12"><span class='ocrx_word' id='word_1_25' title='bbox 1389 365 1549 401; x_wconf 80' lang='lat' dir='ltr'>quaeso,</span> 
     </span>
     <span class='ocr_line' id='line_1_5' title="bbox 221 416 1368 468; baseline -0.002 -12"><span class='ocrx_word' id='word_1_26' title='bbox 221 419 290 456; x_wconf 74' lang='lat' dir='ltr'>LE.</span> <span class='ocrx_word' id='word_1_27' title='bbox 324 418 391 468; x_wconf 85' lang='lat' dir='ltr'>qui</span> <span class='ocrx_word' id='word_1_28' title='bbox 413 419 532 456; x_wconf 87' lang='lat' dir='ltr'>latera</span> <span class='ocrx_word' id='word_1_29' title='bbox 553 424 753 455; x_wconf 88' lang='lat' dir='ltr'>conteram</span> <span class='ocrx_word' id='word_1_30' title='bbox 776 424 852 464; x_wconf 88' lang='lat' dir='ltr'>tua,</span> <span class='ocrx_word' id='word_1_31' title='bbox 876 431 978 467; x_wconf 88' lang='lat' dir='ltr'>quae</span> <span class='ocrx_word' id='word_1_32' title='bbox 998 418 1215 456; x_wconf 81' lang='lat' dir='ltr'>occalluere</span> <span class='ocrx_word' id='word_1_33' title='bbox 1236 416 1368 467; x_wconf 87' lang='lat' dir='ltr'>plagis.</span> 
     </span>
     <span class='ocr_line' id='line_1_6' title="bbox 218 481 1640 533; baseline -0.001 -11"><span class='ocrx_word' id='word_1_34' title='bbox 218 484 390 533; x_wconf 86' lang='lat' dir='ltr'>apscede</span> <span class='ocrx_word' id='word_1_35' title='bbox 406 496 452 521; x_wconf 90' lang='lat' dir='ltr'>ac</span> <span class='ocrx_word' id='word_1_36' title='bbox 469 482 553 521; x_wconf 88' lang='lat' dir='ltr'>sine</span> <span class='ocrx_word' id='word_1_37' title='bbox 570 495 633 520; x_wconf 94' lang='lat' dir='ltr'>me</span> <span class='ocrx_word' id='word_1_38' title='bbox 647 483 752 520; x_wconf 89' lang='lat' dir='ltr'>hunc</span> <span class='ocrx_word' id='word_1_39' title='bbox 769 483 942 532; x_wconf 84' lang='lat' dir='ltr'>perdere,</span> <span class='ocrx_word' id='word_1_40' title='bbox 958 482 1025 532; x_wconf 91' lang='lat' dir='ltr'>qui</span> <span class='ocrx_word' id='word_1_41' title='bbox 1042 494 1196 531; x_wconf 88' lang='lat' dir='ltr'>semper</span> <span class='ocrx_word' id='word_1_42' title='bbox 1212 494 1275 519; x_wconf 93' lang='lat' dir='ltr'>me</span> <span class='ocrx_word' id='word_1_43' title='bbox 1291 481 1344 519; x_wconf 91' lang='lat' dir='ltr'>ira</span> <span class='ocrx_word' id='word_1_44' title='bbox 1361 481 1548 528; x_wconf 84' lang='lat' dir='ltr'>incendit,</span> <span class='ocrx_word' id='word_1_45' title='bbox 1569 494 1640 528; x_wconf 87' lang='lat'>4²0</span> 
     </span>
     <span class='ocr_line' id='line_1_7' title="bbox 161 546 1489 598; baseline -0.004 -10"><span class='ocrx_word' id='word_1_46' title='bbox 161 565 197 598; x_wconf 83' lang='lat'>15</span> <span class='ocrx_word' id='word_1_47' title='bbox 219 548 313 598; x_wconf 87' lang='lat' dir='ltr'>quoi</span> <span class='ocrx_word' id='word_1_48' title='bbox 337 561 553 597; x_wconf 86' lang='lat' dir='ltr'>numquam</span> <span class='ocrx_word' id='word_1_49' title='bbox 576 560 694 585; x_wconf 90' lang='lat' dir='ltr'>unam</span> <span class='ocrx_word' id='word_1_50' title='bbox 717 560 797 585; x_wconf 90' lang='lat' dir='ltr'>rem</span> <span class='ocrx_word' id='word_1_51' title='bbox 821 561 883 586; x_wconf 91' lang='lat' dir='ltr'>me</span> <span class='ocrx_word' id='word_1_52' title='bbox 904 549 994 586; x_wconf 90' lang='lat' dir='ltr'>licet</span> <span class='ocrx_word' id='word_1_53' title='bbox 1015 548 1136 586; x_wconf 87' lang='lat' dir='ltr'>semel</span> <span class='ocrx_word' id='word_1_54' title='bbox 1157 546 1380 596; x_wconf 86' lang='lat' dir='ltr'>praecipere</span> <span class='ocrx_word' id='word_1_55' title='bbox 1402 546 1489 592; x_wconf 86' lang='lat' dir='ltr'>furi,</span> 
     </span>
     <span class='ocr_line' id='line_1_8' title="bbox 219 611 1549 664; baseline -0.002 -13"><span class='ocrx_word' id='word_1_56' title='bbox 219 613 315 664; x_wconf 88' lang='lat' dir='ltr'>quin</span> <span class='ocrx_word' id='word_1_57' title='bbox 337 613 514 651; x_wconf 85' lang='lat' dir='ltr'>centiens</span> <span class='ocrx_word' id='word_1_58' title='bbox 534 613 674 651; x_wconf 89' lang='lat' dir='ltr'>eadem</span> <span class='ocrx_word' id='word_1_59' title='bbox 696 612 884 662; x_wconf 89' lang='lat' dir='ltr'>imperem</span> <span class='ocrx_word' id='word_1_60' title='bbox 905 620 1025 663; x_wconf 85' lang='lat' dir='ltr'>atque</span> <span class='ocrx_word' id='word_1_61' title='bbox 1045 611 1291 662; x_wconf 87' lang='lat' dir='ltr'>ogganniam,</span> <span class='ocrx_word' id='word_1_62' title='bbox 1315 611 1446 662; x_wconf 87' lang='lat' dir='ltr'>itaque</span> <span class='ocrx_word' id='word_1_63' title='bbox 1473 611 1549 649; x_wconf 91' lang='lat' dir='ltr'>iam</span> 
     </span>
     <span class='ocr_line' id='line_1_9' title="bbox 1419 677 1549 716; baseline 0.015 -2"><span class='ocrx_word' id='word_1_64' title='bbox 1419 677 1549 716; x_wconf 87' lang='lat' dir='ltr'>hercle</span> 
     </span>
     <span class='ocr_line' id='line_1_10' title="bbox 219 741 1337 793; baseline -0.001 -12"><span class='ocrx_word' id='word_1_65' title='bbox 219 744 391 782; x_wconf 92' lang='lat' dir='ltr'>clamore</span> <span class='ocrx_word' id='word_1_66' title='bbox 411 756 457 781; x_wconf 91' lang='lat' dir='ltr'>ac</span> <span class='ocrx_word' id='word_1_67' title='bbox 478 744 684 781; x_wconf 89' lang='lat' dir='ltr'>stomacho</span> <span class='ocrx_word' id='word_1_68' title='bbox 705 755 785 781; x_wconf 91' lang='lat' dir='ltr'>non</span> <span class='ocrx_word' id='word_1_69' title='bbox 807 755 912 793; x_wconf 88' lang='lat' dir='ltr'>queo</span> <span class='ocrx_word' id='word_1_70' title='bbox 931 742 1055 781; x_wconf 89' lang='lat' dir='ltr'>labori</span> <span class='ocrx_word' id='word_1_71' title='bbox 1077 741 1337 792; x_wconf 83' lang='lat' dir='ltr'>suppeditare.</span> 
     </span>
     <span class='ocr_line' id='line_1_11' title="bbox 218 806 1330 855; baseline -0.001 -9"><span class='ocrx_word' id='word_1_72' title='bbox 218 808 351 855; x_wconf 90' lang='lat' dir='ltr'>iussin,</span> <span class='ocrx_word' id='word_1_73' title='bbox 375 810 550 855; x_wconf 88' lang='lat' dir='ltr'>sceleste,</span> <span class='ocrx_word' id='word_1_74' title='bbox 572 808 623 846; x_wconf 91' lang='lat' dir='ltr'>ab</span> <span class='ocrx_word' id='word_1_75' title='bbox 645 807 761 846; x_wconf 75' lang='lat' dir='ltr'>ianua</span> <span class='ocrx_word' id='word_1_76' title='bbox 781 809 857 846; x_wconf 93' lang='lat' dir='ltr'>hoc</span> <span class='ocrx_word' id='word_1_77' title='bbox 878 815 1026 846; x_wconf 90' lang='lat' dir='ltr'>stercus</span> <span class='ocrx_word' id='word_1_78' title='bbox 1047 807 1140 846; x_wconf 89' lang='lat' dir='ltr'>hinc</span> <span class='ocrx_word' id='word_1_79' title='bbox 1160 806 1330 845; x_wconf 87' lang='lat' dir='ltr'>auferri?</span> 
     </span>
     <span class='ocr_line' id='line_1_12' title="bbox 218 872 1635 926; baseline -0.001 -15"><span class='ocrx_word' id='word_1_80' title='bbox 218 873 338 911; x_wconf 89' lang='lat' dir='ltr'>iussin</span> <span class='ocrx_word' id='word_1_81' title='bbox 360 872 555 911; x_wconf 90' lang='lat' dir='ltr'>columnis</span> <span class='ocrx_word' id='word_1_82' title='bbox 576 872 678 912; x_wconf 82' lang='lat' dir='ltr'>deici</span> <span class='ocrx_word' id='word_1_83' title='bbox 698 885 837 923; x_wconf 85' lang='lat' dir='ltr'>operas</span> <span class='ocrx_word' id='word_1_84' title='bbox 857 874 1120 912; x_wconf 83' lang='lat' dir='ltr'>araneorum?</span> <span class='ocrx_word' id='word_1_85' title='bbox 1568 888 1635 926; x_wconf 82' lang='lat'>425</span> 
     </span>
     <span class='ocr_line' id='line_1_13' title="bbox 158 937 1377 988; baseline -0.001 -11"><span class='ocrx_word' id='word_1_86' title='bbox 158 956 198 978; x_wconf 88' lang='lat'>20</span> <span class='ocrx_word' id='word_1_87' title='bbox 217 939 339 977; x_wconf 89' lang='lat' dir='ltr'>iussin</span> <span class='ocrx_word' id='word_1_88' title='bbox 360 938 399 976; x_wconf 90' lang='lat' dir='ltr'>in</span> <span class='ocrx_word' id='word_1_89' title='bbox 421 939 672 988; x_wconf 89' lang='lat' dir='ltr'>splendorem</span> <span class='ocrx_word' id='word_1_90' title='bbox 695 937 776 976; x_wconf 92' lang='lat' dir='ltr'>dari</span> <span class='ocrx_word' id='word_1_91' title='bbox 799 938 925 976; x_wconf 90' lang='lat' dir='ltr'>bullas</span> <span class='ocrx_word' id='word_1_92' title='bbox 946 939 1015 976; x_wconf 88' lang='lat' dir='ltr'>has</span> <span class='ocrx_word' id='word_1_93' title='bbox 1037 937 1185 976; x_wconf 90' lang='lat' dir='ltr'>foribus</span> <span class='ocrx_word' id='word_1_94' title='bbox 1206 937 1377 977; x_wconf 86' lang='lat' dir='ltr'>nostris?</span> 
     </span>
     <span class='ocr_line' id='line_1_14' title="bbox 218 1003 1544 1053; baseline 0 -12"><span class='ocrx_word' id='word_1_95' title='bbox 218 1004 314 1042; x_wconf 86' lang='lat' dir='ltr'>nihil</span> <span class='ocrx_word' id='word_1_96' title='bbox 335 1011 393 1042; x_wconf 88' lang='lat' dir='ltr'>est</span> <span class='ocrx_word' id='word_1_97' title='bbox 410 1019 416 1041; x_wconf 92' lang='lat'>:</span> <span class='ocrx_word' id='word_1_98' title='bbox 447 1011 649 1053; x_wconf 90' lang='lat' dir='ltr'>tamquam</span> <span class='ocrx_word' id='word_1_99' title='bbox 668 1003 698 1041; x_wconf 91' lang='lat' dir='ltr'>si</span> <span class='ocrx_word' id='word_1_100' title='bbox 715 1004 870 1041; x_wconf 88' lang='lat' dir='ltr'>claudu&#39;</span> <span class='ocrx_word' id='word_1_101' title='bbox 891 1003 976 1050; x_wconf 90' lang='lat' dir='ltr'>sim,</span> <span class='ocrx_word' id='word_1_102' title='bbox 992 1016 1081 1041; x_wconf 89' lang='lat' dir='ltr'>cum</span> <span class='ocrx_word' id='word_1_103' title='bbox 1100 1003 1227 1041; x_wconf 91' lang='lat' dir='ltr'>fustist</span> <span class='ocrx_word' id='word_1_104' title='bbox 1247 1003 1544 1042; x_wconf 87' lang='lat' dir='ltr'>ambulandum.</span> 
     </span>
     <span class='ocr_line' id='line_1_15' title="bbox 216 1068 1526 1119; baseline 0 -12"><span class='ocrx_word' id='word_1_105' title='bbox 216 1069 309 1119; x_wconf 85' lang='lat' dir='ltr'>quia</span> <span class='ocrx_word' id='word_1_106' title='bbox 329 1068 501 1107; x_wconf 89' lang='lat' dir='ltr'>triduom</span> <span class='ocrx_word' id='word_1_107' title='bbox 518 1069 595 1106; x_wconf 90' lang='lat' dir='ltr'>hoc</span> <span class='ocrx_word' id='word_1_108' title='bbox 616 1081 738 1106; x_wconf 89' lang='lat' dir='ltr'>unum</span> <span class='ocrx_word' id='word_1_109' title='bbox 757 1069 878 1107; x_wconf 92' lang='lat' dir='ltr'>modo</span> <span class='ocrx_word' id='word_1_110' title='bbox 899 1070 984 1106; x_wconf 90' lang='lat' dir='ltr'>foro</span> <span class='ocrx_word' id='word_1_111' title='bbox 1005 1081 1165 1118; x_wconf 90' lang='lat' dir='ltr'>operam</span> <span class='ocrx_word' id='word_1_112' title='bbox 1181 1068 1388 1106; x_wconf 89' lang='lat' dir='ltr'>adsiduam</span> <span class='ocrx_word' id='word_1_113' title='bbox 1409 1069 1526 1116; x_wconf 85' lang='lat' dir='ltr'>dedo,</span> 
     </span>
     <span class='ocr_line' id='line_1_16' title="bbox 216 1133 1456 1184; baseline -0.001 -12"><span class='ocrx_word' id='word_1_114' title='bbox 216 1135 312 1173; x_wconf 89' lang='lat' dir='ltr'>dum</span> <span class='ocrx_word' id='word_1_115' title='bbox 334 1133 522 1184; x_wconf 87' lang='lat' dir='ltr'>reperiam</span> <span class='ocrx_word' id='word_1_116' title='bbox 544 1134 610 1183; x_wconf 88' lang='lat' dir='ltr'>qui</span> <span class='ocrx_word' id='word_1_117' title='bbox 632 1133 823 1183; x_wconf 85' lang='lat' dir='ltr'>quaeritet</span> <span class='ocrx_word' id='word_1_118' title='bbox 843 1141 1048 1184; x_wconf 88' lang='lat' dir='ltr'>argentum</span> <span class='ocrx_word' id='word_1_119' title='bbox 1070 1133 1107 1171; x_wconf 92' lang='lat' dir='ltr'>in</span> <span class='ocrx_word' id='word_1_120' title='bbox 1131 1135 1277 1179; x_wconf 90' lang='lat' dir='ltr'>faenus,</span> <span class='ocrx_word' id='word_1_121' title='bbox 1301 1133 1364 1172; x_wconf 91' lang='lat' dir='ltr'>hic</span> <span class='ocrx_word' id='word_1_122' title='bbox 1385 1146 1456 1172; x_wconf 91' lang='lat' dir='ltr'>uos</span> 
     </span>
     <span class='ocr_line' id='line_1_17' title="bbox 216 1198 1636 1250; baseline -0.004 -11"><span class='ocrx_word' id='word_1_123' title='bbox 216 1199 395 1239; x_wconf 90' lang='lat' dir='ltr'>dormitis</span> <span class='ocrx_word' id='word_1_124' title='bbox 428 1199 574 1238; x_wconf 89' lang='lat' dir='ltr'>interea</span> <span class='ocrx_word' id='word_1_125' title='bbox 608 1199 716 1238; x_wconf 93' lang='lat' dir='ltr'>domi</span> <span class='ocrx_word' id='word_1_126' title='bbox 755 1207 874 1250; x_wconf 88' lang='lat' dir='ltr'>atque</span> <span class='ocrx_word' id='word_1_127' title='bbox 905 1212 992 1238; x_wconf 90' lang='lat' dir='ltr'>erus</span> <span class='ocrx_word' id='word_1_128' title='bbox 1027 1199 1066 1237; x_wconf 88' lang='lat' dir='ltr'>in</span> <span class='ocrx_word' id='word_1_129' title='bbox 1097 1200 1200 1246; x_wconf 88' lang='lat' dir='ltr'>hara,</span> <span class='ocrx_word' id='word_1_130' title='bbox 1233 1200 1338 1237; x_wconf 89' lang='lat' dir='ltr'>haud</span> <span class='ocrx_word' id='word_1_131' title='bbox 1368 1198 1545 1246; x_wconf 87' lang='lat' dir='ltr'>aedibus,</span> <span class='ocrx_word' id='word_1_132' title='bbox 1565 1208 1636 1244; x_wconf 85' lang='lat'>430</span> 
     </span>
     <span class='ocr_line' id='line_1_18' title="bbox 1383 1263 1543 1302; baseline 0.006 -1"><span class='ocrx_word' id='word_1_133' title='bbox 1383 1263 1543 1302; x_wconf 81' lang='lat' dir='ltr'>habitat.</span> 
     </span>
    </p>
   </div>
   <div class='ocr_carea' id='block_1_3' title="bbox 153 1328 1627 2033">
    <p class='ocr_par' dir='ltr' id='par_1_3' title="bbox 153 1328 1627 2033">
     <span class='ocr_line' id='line_1_19' title="bbox 155 1328 1542 1379; baseline 0 -13"><span class='ocrx_word' id='word_1_134' title='bbox 155 1344 194 1377; x_wconf 84' lang='lat'>25</span> <span class='ocrx_word' id='word_1_135' title='bbox 216 1342 278 1368; x_wconf 90' lang='lat' dir='ltr'>em</span> <span class='ocrx_word' id='word_1_136' title='bbox 309 1342 401 1378; x_wconf 85' lang='lat' dir='ltr'>ergo</span> <span class='ocrx_word' id='word_1_137' title='bbox 431 1330 507 1366; x_wconf 86' lang='lat' dir='ltr'>hoc</span> <span class='ocrx_word' id='word_1_138' title='bbox 537 1328 618 1367; x_wconf 87' lang='lat' dir='ltr'>tibi.</span> <span class='ocrx_word' id='word_1_139' title='bbox 680 1330 739 1367; x_wconf 92' lang='lat' dir='ltr'>L1.</span> <span class='ocrx_word' id='word_1_140' title='bbox 772 1329 928 1379; x_wconf 85' lang='lat' dir='ltr'>hospes,</span> <span class='ocrx_word' id='word_1_141' title='bbox 951 1336 989 1367; x_wconf 90' lang='lat' dir='ltr'>te</span> <span class='ocrx_word' id='word_1_142' title='bbox 1018 1341 1194 1379; x_wconf 91' lang='lat' dir='ltr'>opsecro,</span> <span class='ocrx_word' id='word_1_143' title='bbox 1217 1329 1398 1367; x_wconf 90' lang='lat' dir='ltr'>defende.</span> <span class='ocrx_word' id='word_1_144' title='bbox 1460 1330 1542 1366; x_wconf 71' lang='lat' dir='ltr'>ME.</span> 
     </span>
     <span class='ocr_line' id='line_1_20' title="bbox 1298 1395 1545 1440; baseline 0.004 -9"><span class='ocrx_word' id='word_1_145' title='bbox 1298 1395 1452 1440; x_wconf 87' lang='lat' dir='ltr'>Saurea,</span> <span class='ocrx_word' id='word_1_146' title='bbox 1475 1407 1545 1432; x_wconf 92' lang='lat' dir='ltr'>oro</span> 
     </span>
     <span class='ocr_line' id='line_1_21' title="bbox 216 1458 1483 1509; baseline -0.002 -11"><span class='ocrx_word' id='word_1_147' title='bbox 216 1473 304 1498; x_wconf 90' lang='lat' dir='ltr'>mea</span> <span class='ocrx_word' id='word_1_148' title='bbox 323 1473 461 1498; x_wconf 83' lang='lat' dir='ltr'>caussa</span> <span class='ocrx_word' id='word_1_149' title='bbox 482 1467 523 1497; x_wconf 93' lang='lat' dir='ltr'>ut</span> <span class='ocrx_word' id='word_1_150' title='bbox 545 1459 686 1497; x_wconf 82' lang='lat' dir='ltr'>mittas.</span> <span class='ocrx_word' id='word_1_151' title='bbox 748 1460 816 1497; x_wconf 79' lang='lat' dir='ltr'>LE.</span> <span class='ocrx_word' id='word_1_152' title='bbox 850 1460 937 1506; x_wconf 91' lang='lat' dir='ltr'>eho,</span> <span class='ocrx_word' id='word_1_153' title='bbox 961 1458 1096 1509; x_wconf 84' lang='lat' dir='ltr'>ecquis</span> <span class='ocrx_word' id='word_1_154' title='bbox 1118 1472 1188 1509; x_wconf 88' lang='lat' dir='ltr'>pro</span> <span class='ocrx_word' id='word_1_155' title='bbox 1209 1467 1370 1497; x_wconf 88' lang='lat' dir='ltr'>uectura</span> <span class='ocrx_word' id='word_1_156' title='bbox 1390 1459 1483 1497; x_wconf 90' lang='lat' dir='ltr'>oliui</span> 
     </span>
     <span class='ocr_line' id='line_1_22' title="bbox 214 1524 1545 1575; baseline -0.002 -11"><span class='ocrx_word' id='word_1_157' title='bbox 214 1539 295 1564; x_wconf 90' lang='lat' dir='ltr'>rem</span> <span class='ocrx_word' id='word_1_158' title='bbox 317 1525 464 1564; x_wconf 86' lang='lat' dir='ltr'>soluit?</span> <span class='ocrx_word' id='word_1_159' title='bbox 533 1527 592 1563; x_wconf 77' lang='lat' dir='ltr'>Li.</span> <span class='ocrx_word' id='word_1_160' title='bbox 626 1525 752 1563; x_wconf 89' lang='lat' dir='ltr'>soluit.</span> <span class='ocrx_word' id='word_1_161' title='bbox 826 1527 894 1563; x_wconf 83' lang='lat' dir='ltr'>LE.</span> <span class='ocrx_word' id='word_1_162' title='bbox 929 1525 1022 1575; x_wconf 84' lang='lat' dir='ltr'>quoi</span> <span class='ocrx_word' id='word_1_163' title='bbox 1044 1526 1248 1563; x_wconf 84' lang='lat' dir='ltr'>datumst?</span> <span class='ocrx_word' id='word_1_164' title='bbox 1316 1526 1375 1562; x_wconf 89' lang='lat' dir='ltr'>L1.</span> <span class='ocrx_word' id='word_1_165' title='bbox 1409 1524 1545 1563; x_wconf 84' lang='lat' dir='ltr'>Sticho</span> 
     </span>
     <span class='ocr_line' id='line_1_23' title="bbox 1305 1589 1542 1640; baseline 0 -12"><span class='ocrx_word' id='word_1_166' title='bbox 1305 1590 1450 1628; x_wconf 88' lang='lat' dir='ltr'>uicario</span> <span class='ocrx_word' id='word_1_167' title='bbox 1472 1589 1542 1640; x_wconf 90' lang='lat' dir='ltr'>ipsi</span> 
     </span>
     <span class='ocr_line' id='line_1_24' title="bbox 213 1656 1445 1707; baseline -0.002 -12"><span class='ocrx_word' id='word_1_168' title='bbox 213 1664 293 1696; x_wconf 89' lang='lat' dir='ltr'>tuo.</span> <span class='ocrx_word' id='word_1_169' title='bbox 354 1658 424 1695; x_wconf 79' lang='lat' dir='ltr'>LE.</span> <span class='ocrx_word' id='word_1_170' title='bbox 457 1657 546 1703; x_wconf 79' lang='lat' dir='ltr'>uah,</span> <span class='ocrx_word' id='word_1_171' title='bbox 569 1656 742 1695; x_wconf 89' lang='lat' dir='ltr'>delenire</span> <span class='ocrx_word' id='word_1_172' title='bbox 762 1670 938 1707; x_wconf 89' lang='lat' dir='ltr'>apparas,</span> <span class='ocrx_word' id='word_1_173' title='bbox 961 1657 1043 1696; x_wconf 89' lang='lat' dir='ltr'>scio</span> <span class='ocrx_word' id='word_1_174' title='bbox 1065 1657 1115 1695; x_wconf 89' lang='lat' dir='ltr'>mi</span> <span class='ocrx_word' id='word_1_175' title='bbox 1140 1656 1327 1695; x_wconf 90' lang='lat' dir='ltr'>uicarium</span> <span class='ocrx_word' id='word_1_176' title='bbox 1349 1669 1445 1702; x_wconf 80' lang='lat' dir='ltr'>esse,</span> 
     </span>
     <span class='ocr_line' id='line_1_25' title="bbox 213 1720 1627 1773; baseline -0.002 -12"><span class='ocrx_word' id='word_1_177' title='bbox 213 1735 342 1772; x_wconf 87' lang='lat' dir='ltr'>neque</span> <span class='ocrx_word' id='word_1_178' title='bbox 352 1735 407 1761; x_wconf 87' lang='lat' dir='ltr'>eo</span> <span class='ocrx_word' id='word_1_179' title='bbox 423 1735 508 1760; x_wconf 88' lang='lat' dir='ltr'>esse</span> <span class='ocrx_word' id='word_1_180' title='bbox 524 1735 679 1760; x_wconf 87' lang='lat' dir='ltr'>seruom</span> <span class='ocrx_word' id='word_1_181' title='bbox 698 1722 735 1759; x_wconf 90' lang='lat' dir='ltr'>in</span> <span class='ocrx_word' id='word_1_182' title='bbox 753 1722 918 1761; x_wconf 88' lang='lat' dir='ltr'>aedibus</span> <span class='ocrx_word' id='word_1_183' title='bbox 939 1723 990 1761; x_wconf 87' lang='lat' dir='ltr'>eri</span> <span class='ocrx_word' id='word_1_184' title='bbox 1009 1723 1074 1773; x_wconf 87' lang='lat' dir='ltr'>qui</span> <span class='ocrx_word' id='word_1_185' title='bbox 1093 1723 1140 1761; x_wconf 88' lang='lat' dir='ltr'>sit</span> <span class='ocrx_word' id='word_1_186' title='bbox 1158 1722 1276 1773; x_wconf 87' lang='lat' dir='ltr'>pluris</span> <span class='ocrx_word' id='word_1_187' title='bbox 1293 1735 1410 1772; x_wconf 84' lang='lat' dir='ltr'>quam</span> <span class='ocrx_word' id='word_1_188' title='bbox 1429 1720 1538 1759; x_wconf 85' lang='lat' dir='ltr'>illest.</span> <span class='ocrx_word' id='word_1_189' title='bbox 1560 1729 1627 1766; x_wconf 83' lang='lat'>435</span> 
     </span>
     <span class='ocr_line' id='line_1_26' title="bbox 153 1786 1258 1836; baseline -0.001 -10"><span class='ocrx_word' id='word_1_190' title='bbox 153 1803 193 1834; x_wconf 84' lang='lat'>30</span> <span class='ocrx_word' id='word_1_191' title='bbox 212 1788 282 1826; x_wconf 86' lang='lat' dir='ltr'>sed</span> <span class='ocrx_word' id='word_1_192' title='bbox 304 1786 395 1825; x_wconf 87' lang='lat' dir='ltr'>uina</span> <span class='ocrx_word' id='word_1_193' title='bbox 415 1787 516 1836; x_wconf 72' lang='lat' dir='ltr'>quae</span> <span class='ocrx_word' id='word_1_194' title='bbox 538 1786 618 1824; x_wconf 91' lang='lat' dir='ltr'>heri</span> <span class='ocrx_word' id='word_1_195' title='bbox 642 1786 803 1825; x_wconf 90' lang='lat' dir='ltr'>uendidi</span> <span class='ocrx_word' id='word_1_196' title='bbox 827 1787 978 1826; x_wconf 89' lang='lat' dir='ltr'>uinario</span> <span class='ocrx_word' id='word_1_197' title='bbox 1001 1788 1258 1834; x_wconf 78' lang='lat' dir='ltr'>Exaerambo,</span> 
     </span>
     <span class='ocr_line' id='line_1_27' title="bbox 211 1851 1430 1902; baseline -0.002 -12"><span class='ocrx_word' id='word_1_198' title='bbox 211 1851 289 1890; x_wconf 88' lang='lat' dir='ltr'>iam</span> <span class='ocrx_word' id='word_1_199' title='bbox 310 1852 380 1902; x_wconf 78' lang='lat' dir='ltr'>pro</span> <span class='ocrx_word' id='word_1_200' title='bbox 401 1851 456 1890; x_wconf 90' lang='lat' dir='ltr'>eis</span> <span class='ocrx_word' id='word_1_201' title='bbox 477 1851 561 1890; x_wconf 87' lang='lat' dir='ltr'>sati&#39;</span> <span class='ocrx_word' id='word_1_202' title='bbox 582 1851 673 1889; x_wconf 86' lang='lat' dir='ltr'>fecit</span> <span class='ocrx_word' id='word_1_203' title='bbox 694 1852 860 1890; x_wconf 87' lang='lat' dir='ltr'>Sticho?</span> <span class='ocrx_word' id='word_1_204' title='bbox 918 1854 976 1891; x_wconf 76' lang='lat' dir='ltr'>Li.</span> <span class='ocrx_word' id='word_1_205' title='bbox 1011 1853 1148 1891; x_wconf 87' lang='lat' dir='ltr'>secisse</span> <span class='ocrx_word' id='word_1_206' title='bbox 1169 1852 1259 1890; x_wconf 87' lang='lat' dir='ltr'>satis</span> <span class='ocrx_word' id='word_1_207' title='bbox 1281 1852 1430 1902; x_wconf 86' lang='lat' dir='ltr'>opinor,</span> 
     </span>
     <span class='ocr_line' id='line_1_28' title="bbox 211 1916 1444 1968; baseline -0.001 -13"><span class='ocrx_word' id='word_1_208' title='bbox 211 1929 303 1955; x_wconf 89' lang='lat' dir='ltr'>nam</span> <span class='ocrx_word' id='word_1_209' title='bbox 325 1916 406 1955; x_wconf 88' lang='lat' dir='ltr'>uidi</span> <span class='ocrx_word' id='word_1_210' title='bbox 427 1917 504 1955; x_wconf 89' lang='lat' dir='ltr'>huc</span> <span class='ocrx_word' id='word_1_211' title='bbox 526 1916 654 1966; x_wconf 90' lang='lat' dir='ltr'>ipsum</span> <span class='ocrx_word' id='word_1_212' title='bbox 677 1919 875 1956; x_wconf 88' lang='lat' dir='ltr'>adducere</span> <span class='ocrx_word' id='word_1_213' title='bbox 897 1918 1120 1968; x_wconf 86' lang='lat' dir='ltr'>tarpezitam</span> <span class='ocrx_word' id='word_1_214' title='bbox 1146 1918 1444 1956; x_wconf 84' lang='lat' dir='ltr'>Exaerambum.</span> 
     </span>
     <span class='ocr_line' id='line_1_29' title="bbox 213 1981 1485 2033; baseline -0.002 -13"><span class='ocrx_word' id='word_1_215' title='bbox 213 1982 281 2020; x_wconf 79' lang='lat' dir='ltr'>LE.</span> <span class='ocrx_word' id='word_1_216' title='bbox 315 1981 368 2020; x_wconf 90' lang='lat' dir='ltr'>sic</span> <span class='ocrx_word' id='word_1_217' title='bbox 389 1982 548 2020; x_wconf 91' lang='lat' dir='ltr'>dedero.</span> <span class='ocrx_word' id='word_1_218' title='bbox 611 1983 706 2032; x_wconf 83' lang='lat' dir='ltr'>priu&#39;</span> <span class='ocrx_word' id='word_1_219' title='bbox 728 1997 829 2033; x_wconf 76' lang='lat' dir='ltr'>quae</span> <span class='ocrx_word' id='word_1_220' title='bbox 849 1983 1009 2029; x_wconf 89' lang='lat' dir='ltr'>credidi,</span> <span class='ocrx_word' id='word_1_221' title='bbox 1034 1983 1097 2021; x_wconf 81' lang='lat' dir='ltr'>uix</span> <span class='ocrx_word' id='word_1_222' title='bbox 1117 1996 1223 2020; x_wconf 85' lang='lat' dir='ltr'>anno</span> <span class='ocrx_word' id='word_1_223' title='bbox 1245 1990 1330 2032; x_wconf 72' lang='lat' dir='ltr'>post</span> <span class='ocrx_word' id='word_1_224' title='bbox 1352 1981 1458 2030; x_wconf 78' lang='lat' dir='ltr'>exegi</span> <span class='ocrx_word' id='word_1_225' title='bbox 1477 1995 1485 2027; x_wconf 90' lang='lat'>;</span> 
     </span>
    </p>
   </div>
   <div class='ocr_carea' id='block_1_4' title="bbox 209 2081 1540 2432">
    <p class='ocr_par' dir='ltr' id='par_1_4' title="bbox 209 2081 1540 2432">
     <span class='ocr_line' id='line_1_30' title="bbox 253 2081 1537 2126; baseline -0.003 -11"><span class='ocrx_word' id='word_1_226' title='bbox 253 2096 316 2125; x_wconf 81' lang='lat'>419</span> <span class='ocrx_word' id='word_1_227' title='bbox 340 2091 513 2117; x_wconf 84' lang='lat' dir='ltr'>conteram</span> <span class='ocrx_word' id='word_1_228' title='bbox 529 2090 629 2116; x_wconf 83' lang='lat' dir='ltr'>metro</span> <span class='ocrx_word' id='word_1_229' title='bbox 641 2091 764 2126; x_wconf 78' lang='lat' dir='ltr'>parum</span> <span class='ocrx_word' id='word_1_230' title='bbox 783 2090 898 2125; x_wconf 78' lang='lat' dir='ltr'>aptum</span> <span class='ocrx_word' id='word_1_231' title='bbox 1054 2091 1117 2121; x_wconf 80' lang='lat'>425</span> <span class='ocrx_word' id='word_1_232' title='bbox 1149 2081 1286 2122; x_wconf 87' lang='lat' dir='ltr'>operas]</span> <span class='ocrx_word' id='word_1_233' title='bbox 1313 2081 1396 2112; x_wconf 81' lang='lat' dir='ltr'>telas</span> <span class='ocrx_word' id='word_1_234' title='bbox 1421 2082 1537 2112; x_wconf 68' lang='lat' dir='ltr'>codices</span> 
     </span>
     <span class='ocr_line' id='line_1_31' title="bbox 210 2127 1540 2169; baseline -0.002 -9"><span class='ocrx_word' id='word_1_235' title='bbox 210 2129 314 2160; x_wconf 81' lang='lat' dir='ltr'>Nonii</span> <span class='ocrx_word' id='word_1_236' title='bbox 332 2140 390 2169; x_wconf 77' lang='lat'>¹92</span> <span class='ocrx_word' id='word_1_237' title='bbox 480 2139 679 2160; x_wconf 81' lang='lat' dir='ltr'>araneorum</span> <span class='ocrx_word' id='word_1_238' title='bbox 698 2133 834 2159; x_wconf 52' lang='lat' dir='ltr'>&amp;statur</span> <span class='ocrx_word' id='word_1_239' title='bbox 848 2129 978 2159; x_wconf 75' lang='lat' dir='ltr'>Nonius</span> <span class='ocrx_word' id='word_1_240' title='bbox 998 2138 1056 2169; x_wconf 86' lang='lat'>192</span> <span class='ocrx_word' id='word_1_241' title='bbox 1073 2141 1079 2159; x_wconf 72' lang='grc' dir='ltr'>ε</span> <span class='ocrx_word' id='word_1_242' title='bbox 1103 2137 1301 2158; x_wconf 82' lang='lat' dir='ltr'>arancarum</span> <span class='ocrx_word' id='word_1_243' title='bbox 1319 2127 1384 2158; x_wconf 79' lang='lat' dir='ltr'>cod.</span> <span class='ocrx_word' id='word_1_244' title='bbox 1475 2128 1540 2166; x_wconf 89' lang='grc'>428</span> 
     </span>
     <span class='ocr_line' id='line_1_32' title="bbox 210 2171 1538 2212; baseline -0.002 -9"><span class='ocrx_word' id='word_1_245' title='bbox 210 2173 298 2203; x_wconf 92' lang='lat' dir='ltr'>dedo</span> <span class='ocrx_word' id='word_1_246' title='bbox 318 2173 448 2205; x_wconf 74' lang='lat' dir='ltr'>Bentlev</span> <span class='ocrx_word' id='word_1_247' title='bbox 465 2185 472 2204; x_wconf 76' lang='grc' dir='ltr'><strong>ε</strong></span> <span class='ocrx_word' id='word_1_248' title='bbox 497 2173 573 2203; x_wconf 87' lang='lat' dir='ltr'>dedi</span> <span class='ocrx_word' id='word_1_249' title='bbox 592 2172 656 2204; x_wconf 82' lang='lat' dir='ltr'>cod.</span> <span class='ocrx_word' id='word_1_250' title='bbox 749 2183 813 2211; x_wconf 82' lang='lat'>430</span> <span class='ocrx_word' id='word_1_251' title='bbox 837 2173 936 2203; x_wconf 82' lang='lat' dir='ltr'>habet</span> <span class='ocrx_word' id='word_1_252' title='bbox 954 2171 1101 2212; x_wconf 79' lang='lat' dir='ltr'>Pylades,</span> <span class='ocrx_word' id='word_1_253' title='bbox 1116 2174 1216 2201; x_wconf 78' lang='lat' dir='ltr'>metm</span> <span class='ocrx_word' id='word_1_254' title='bbox 1231 2171 1399 2200; x_wconf 68' lang='lat' dir='ltr'>consulens</span> <span class='ocrx_word' id='word_1_255' title='bbox 1475 2181 1538 2210; x_wconf 79' lang='lat'>432</span> 
     </span>
     <span class='ocr_line' id='line_1_33' title="bbox 210 2210 1538 2257; baseline -0.002 -10"><span class='ocrx_word' id='word_1_256' title='bbox 210 2216 342 2257; x_wconf 87' lang='lat' dir='ltr'>ecquis]</span> <span class='ocrx_word' id='word_1_257' title='bbox 355 2210 516 2247; x_wconf 57' lang='lat' dir='ltr'>Cor&#39;iscus</span> <span class='ocrx_word' id='word_1_258' title='bbox 531 2216 698 2246; x_wconf 65' lang='lat' dir='ltr'>meckm&#39;sen</span> <span class='ocrx_word' id='word_1_259' title='bbox 715 2228 721 2246; x_wconf 91' lang='lat'>:</span> <span class='ocrx_word' id='word_1_260' title='bbox 746 2215 885 2257; x_wconf 76' lang='lat' dir='ltr'>(Simo)</span> <span class='ocrx_word' id='word_1_261' title='bbox 897 2217 1015 2254; x_wconf 85' lang='lat' dir='ltr'>ecquid</span> <span class='ocrx_word' id='word_1_262' title='bbox 1032 2216 1073 2245; x_wconf 49' lang='grc' dir='ltr'>(Γ,</span> <span class='ocrx_word' id='word_1_263' title='bbox 1090 2215 1151 2245; x_wconf 85' lang='lat' dir='ltr'>Leo</span> <span class='ocrx_word' id='word_1_264' title='bbox 1238 2224 1302 2253; x_wconf 83' lang='lat'>433</span> <span class='ocrx_word' id='word_1_265' title='bbox 1328 2225 1394 2244; x_wconf 82' lang='lat' dir='ltr'>rem</span> <span class='ocrx_word' id='word_1_266' title='bbox 1414 2214 1538 2245; x_wconf 73' lang='lat' dir='ltr'>soluit?</span> 
     </span>
     <span class='ocr_line' id='line_1_34' title="bbox 213 2257 1536 2296; baseline -0.002 -5"><span class='ocrx_word' id='word_1_267' title='bbox 213 2259 262 2291; x_wconf 80' lang='lat' dir='ltr'>Ll.</span> <span class='ocrx_word' id='word_1_268' title='bbox 289 2260 390 2290; x_wconf 83' lang='lat' dir='ltr'>soluit</span> <span class='ocrx_word' id='word_1_269' title='bbox 419 2260 612 2290; x_wconf 74' lang='lat' dir='ltr'>Turnebus:</span> <span class='ocrx_word' id='word_1_270' title='bbox 646 2259 794 2289; x_wconf 75' lang='lat' dir='ltr'>resoluit.</span> <span class='ocrx_word' id='word_1_271' title='bbox 862 2259 909 2290; x_wconf 69' lang='lat' dir='ltr'>[A.</span> <span class='ocrx_word' id='word_1_272' title='bbox 941 2259 1079 2289; x_wconf 73' lang='lat' dir='ltr'>resoluit</span> <span class='ocrx_word' id='word_1_273' title='bbox 1106 2257 1186 2291; x_wconf 66' lang='lat' dir='ltr'>cod..</span> <span class='ocrx_word' id='word_1_274' title='bbox 1205 2258 1260 2288; x_wconf 75' lang='lat' dir='ltr'>vix</span> <span class='ocrx_word' id='word_1_275' title='bbox 1290 2262 1364 2288; x_wconf 76' lang='lat' dir='ltr'>recle</span> <span class='ocrx_word' id='word_1_276' title='bbox 1389 2258 1439 2296; x_wconf 70' lang='lat' dir='ltr'>(tf</span> <span class='ocrx_word' id='word_1_277' title='bbox 1459 2258 1536 2296; x_wconf 76' lang='lat'><strong>321)</strong></span> 
     </span>
     <span class='ocr_line' id='line_1_35' title="bbox 209 2301 1538 2343; baseline -0.004 -9"><span class='ocrx_word' id='word_1_278' title='bbox 209 2312 273 2343; x_wconf 80' lang='grc'>435</span> <span class='ocrx_word' id='word_1_279' title='bbox 297 2314 337 2334; x_wconf 90' lang='lat' dir='ltr'>eo</span> <span class='ocrx_word' id='word_1_280' title='bbox 355 2303 411 2334; x_wconf 76' lang='lat' dir='ltr'>del.</span> <span class='ocrx_word' id='word_1_281' title='bbox 431 2303 623 2343; x_wconf 73' lang='lat' dir='ltr'>Fraesdorff</span> <span class='ocrx_word' id='word_1_282' title='bbox 727 2302 781 2332; x_wconf 82' lang='lat' dir='ltr'>ille</span> <span class='ocrx_word' id='word_1_283' title='bbox 805 2303 847 2333; x_wconf 84' lang='lat' dir='ltr'>sit</span> <span class='ocrx_word' id='word_1_284' title='bbox 867 2302 931 2333; x_wconf 83' lang='lat' dir='ltr'>cod.</span> <span class='ocrx_word' id='word_1_285' title='bbox 954 2303 988 2332; x_wconf 27' lang='lat' dir='ltr'>(i,</span> <span class='ocrx_word' id='word_1_286' title='bbox 1006 2313 1033 2341; x_wconf 86' lang='lat'>7.</span> <span class='ocrx_word' id='word_1_287' title='bbox 1054 2303 1089 2341; x_wconf 84' lang='grc'>2)</span> <span class='ocrx_word' id='word_1_288' title='bbox 1259 2303 1323 2339; x_wconf 83' lang='grc'>436</span> <span class='ocrx_word' id='word_1_289' title='bbox 1347 2301 1383 2330; x_wconf 72' lang='lat' dir='ltr'>de</span> <span class='ocrx_word' id='word_1_290' title='bbox 1407 2301 1538 2330; x_wconf 72' lang='lat' dir='ltr'>nomine</span> 
     </span>
     <span class='ocr_line' id='line_1_36' title="bbox 212 2344 1536 2386; baseline -0.002 -9"><span class='ocrx_word' id='word_1_291' title='bbox 212 2346 331 2379; x_wconf 77' lang='lat' dir='ltr'>Exaer.</span> <span class='ocrx_word' id='word_1_292' title='bbox 350 2347 384 2386; x_wconf 60' lang='lat' dir='ltr'>cy:</span> <span class='ocrx_word' id='word_1_293' title='bbox 405 2346 576 2377; x_wconf 79' lang='lat' dir='ltr'>Fleckeisen</span> <span class='ocrx_word' id='word_1_294' title='bbox 598 2345 726 2385; x_wconf 80' lang='lat' dir='ltr'>(Jahrb.</span> <span class='ocrx_word' id='word_1_295' title='bbox 746 2345 854 2376; x_wconf 83' lang='lat' dir='ltr'>Klass.</span> <span class='ocrx_word' id='word_1_296' title='bbox 873 2345 956 2376; x_wconf 75' lang='lat' dir='ltr'>Phil.</span> <span class='ocrx_word' id='word_1_297' title='bbox 983 2355 1051 2385; x_wconf 86' lang='lat'>¹53-</span> <span class='ocrx_word' id='word_1_298' title='bbox 1073 2346 1150 2384; x_wconf 82' lang='lat'><em>261)</em></span> <span class='ocrx_word' id='word_1_299' title='bbox 1284 2354 1345 2384; x_wconf 81' lang='lat'>437</span> <span class='ocrx_word' id='word_1_300' title='bbox 1371 2344 1420 2374; x_wconf 75' lang='lat' dir='ltr'>vel</span> <span class='ocrx_word' id='word_1_301' title='bbox 1434 2344 1536 2384; x_wconf 84' lang='lat' dir='ltr'>opino</span> 
     </span>
     <span class='ocr_line' id='line_1_37' title="bbox 211 2389 709 2432; baseline 0 -11"><span class='ocrx_word' id='word_1_302' title='bbox 211 2400 276 2432; x_wconf 76' lang='lat'>439</span> <span class='ocrx_word' id='word_1_303' title='bbox 297 2401 384 2431; x_wconf 86' lang='lat' dir='ltr'>quae</span> <span class='ocrx_word' id='word_1_304' title='bbox 402 2389 503 2422; x_wconf 67' lang='lat' dir='ltr'>Pius:</span> <span class='ocrx_word' id='word_1_305' title='bbox 527 2400 626 2431; x_wconf 80' lang='lat' dir='ltr'>quam</span> <span class='ocrx_word' id='word_1_306' title='bbox 644 2389 709 2421; x_wconf 85' lang='lat' dir='ltr'>cod.</span> 
     </span>
    </p>
   </div>
  </div>
 </body>
</html>
