1676 2722
616 126 967 165 AMPHITRVO

129 244 167 276 et
198 237 299 275 meu'
328 243 437 287 pater
466 248 572 275 nunc
602 234 706 274 intus
737 234 801 273 hic
833 248 923 273 cum
955 235 1020 273 illa
1049 236 1179 283 cubat,

130 309 168 340 et
198 302 295 339 haec
326 301 378 340 ob
407 313 495 339 eam
525 314 607 339 rem
637 313 715 338 nox
744 307 802 338 est
833 300 934 338 facta
965 300 1126 350 longior,

130 368 227 406 dum
255 365 382 417 (cum)
410 365 475 404 illa
503 378 674 416 quacum
705 366 789 403 uolt
820 366 1065 415 uoluptatem
1096 365 1227 416 capit;

48 448 108 486 115
131 433 201 472 sed
231 431 283 470 ita
311 430 564 470 adsimulauit
593 444 644 477 se,
677 429 789 480 quasi
820 429 1060 480 Amphitruo
1089 430 1172 470 siet.

130 510 236 536 nunc
265 509 315 535 ne
344 497 450 534 hunc
479 503 662 534 ornatum
694 508 766 533 uos
797 508 930 534 meum
959 495 1223 543 admiremini,

129 562 238 612 quod
267 573 340 611 ego
370 561 448 599 huc
477 559 650 611 processi
680 559 735 598 sic
765 573 857 598 cum
886 560 1017 598 seruili
1046 561 1231 599 schema:

129 634 303 666 ueterem
332 633 451 675 atque
480 624 684 675 antiquam
715 638 797 664 rem
828 637 974 663 nouam
1003 626 1055 664 ad
1085 638 1157 664 uos
1187 626 1393 674 proferam,

130 699 336 743 propterea
364 696 524 729 ornatus
553 689 592 728 in
623 703 772 728 nouom
804 689 944 728 incessi
976 690 1153 729 modum.

48 773 115 799 120
130 770 222 797 nam
252 757 354 796 meu'
383 762 493 806 pater
522 755 627 794 intus
657 769 764 794 nunc
793 763 852 794 est
881 768 1020 794 eccum
1052 755 1229 805 Iuppiter
1246 769 1257 803 ς

130 822 170 862 in
200 820 502 872 Amphitruonis
531 820 650 860 uortit
679 834 764 860 sese
793 820 1005 871 imaginem

130 900 349 938 omnesque
378 900 469 926 eum
500 899 586 925 esse
615 893 778 925 censent
808 886 910 925 serui
939 886 1008 937 qui
1038 885 1197 925 uident:

131 954 184 992 ita
212 952 463 1003 uorsipellem
493 965 535 992 se
563 951 656 991 facit
685 953 848 1002 quando
877 952 997 991 lubet.

132 1031 205 1068 ego
234 1019 334 1057 serui
365 1017 516 1069 sumpsi
546 1017 681 1056 Sosiae
711 1016 764 1055 mi
795 1016 1018 1067 imaginem,

51 1096 112 1134 125
133 1082 201 1133 qui
230 1096 321 1121 cum
351 1082 643 1134 Amphitruone
671 1081 797 1121 abiuit
826 1081 918 1120 hinc
948 1082 988 1120 in
1018 1081 1246 1129 exercitum,

133 1157 175 1187 ut
204 1148 442 1200 praeseruire
470 1146 619 1188 amanti
648 1160 740 1187 meo
767 1160 926 1198 possem
956 1147 1056 1198 patri

131 1222 250 1265 atque
279 1222 322 1253 ut
350 1228 401 1253 ne
430 1214 497 1265 qui
527 1227 654 1253 essem
685 1213 893 1252 familiares
922 1220 1166 1263 quaererent,

133 1281 279 1320 uorsari
309 1281 446 1320 crebro
476 1280 540 1318 hic
569 1292 692 1331 quom
723 1279 903 1318 uiderent
933 1291 996 1318 me
1026 1278 1164 1327 domi3

132 1360 250 1394 nunc,
282 1360 404 1398 quom
435 1359 521 1385 esse
550 1345 713 1384 credent
742 1356 899 1383 seruom
929 1351 967 1382 et
997 1356 1232 1382 conseruom
1263 1356 1390 1392 suom,

50 1425 114 1459 130
132 1413 210 1450 hau
240 1411 450 1463 quisquam
480 1418 642 1461 quaeret
671 1409 738 1460 qui
769 1408 866 1448 siem
895 1416 963 1447 aut
992 1408 1088 1459 quid
1118 1409 1307 1448 uenerim.

132 1485 242 1527 pater
271 1491 377 1517 nunc
406 1477 512 1516 intus
543 1488 615 1515 suo
644 1475 779 1514 animo
809 1487 959 1513 morem
988 1474 1108 1524 gerit:

131 1544 251 1582 cubat
279 1545 509 1594 complexus
539 1541 697 1592 quoiius
727 1540 891 1591 cupiens
921 1553 1105 1579 maxume
1133 1547 1216 1588 est3

130 1622 232 1659 quae
261 1609 316 1647 illi
344 1610 395 1647 ad
425 1608 622 1659 legionem
652 1608 755 1646 facta
784 1613 875 1644 sunt
905 1612 1097 1645 memorat
1126 1613 1234 1656 pater

131 1687 242 1713 meus
272 1677 543 1713 Alcumenae:
574 1675 640 1712 illa
669 1672 778 1711 illum
809 1678 943 1710 censet
972 1670 1101 1709 uirum

49 1755 110 1793 135
132 1753 246 1779 suom
277 1754 373 1787 esse,
405 1753 507 1790 quae
535 1753 627 1778 cum
659 1738 828 1776 moecho
859 1743 927 1775 est.
986 1735 1041 1773 ibi
1068 1749 1174 1773 nunc
1195 1736 1298 1773 meu'
1318 1741 1428 1785 pater

134 1813 324 1844 memorat
353 1805 528 1856 legiones
558 1803 731 1843 hostiurn
763 1810 806 1841 ut
835 1800 1037 1851 fugauerit,

132 1885 212 1921 quo
242 1880 358 1922 pacto
388 1872 436 1910 sit
465 1870 583 1910 donis
614 1870 784 1908 donatus
815 1865 1016 1917 plurumis.

129 1951 175 1975 ea
205 1939 310 1976 dona
340 1950 441 1988 quae
470 1936 548 1974 illic
578 1932 858 1984 Amphitruoni
891 1939 981 1969 sunt
1011 1931 1103 1968 data

129 2003 386 2053 apstulimus:
416 2002 529 2041 facile
558 2002 660 2039 meu'
691 2006 800 2049 pater
829 1999 937 2048 quod
967 1998 1051 2034 uolt
1080 1995 1183 2033 facit.

48 2081 114 2115 140
131 2081 237 2106 nunc
267 2068 387 2107 hodie
416 2066 656 2117 Amphitruo
686 2063 819 2103 ueniet
850 2064 927 2101 huc
957 2062 1008 2100 ab
1038 2060 1209 2099 exercitu

131 2142 168 2172 et
197 2147 342 2181 seruos,
375 2132 531 2183 quoiius
561 2143 634 2181 ego
664 2130 746 2168 fero
776 2129 879 2166 hanc
913 2127 1137 2176 imaginem.

178 2242 237 2271 114
261 2242 335 2263 cum
353 2230 429 2262 add.
446 2229 660 2261 Lindemann
886 2235 944 2264 117
970 2226 1035 2256 huc
1054 2235 1119 2264 ego
1137 2234 1186 2265 pr.
1201 2234 1278 2256 cum
1295 2234 1322 2255 s.
1338 2233 1365 2256 s.
1381 2225 1464 2266 (om.

131 2277 194 2308 sic)
216 2275 385 2307 Charisius
410 2285 453 2314 53
467 2278 498 2305 et
515 2284 575 2312 144
771 2279 831 2309 125
855 2270 937 2300 abiit
954 2269 1019 2300 cod.
1214 2277 1273 2307 137
1298 2269 1398 2299 donis
1422 2268 1464 2300 sit

132 2319 336 2359 Salmasius,
358 2318 508 2356 rhythmo
524 2316 694 2347 consulens
825 2322 949 2352 141—52
973 2312 1044 2343 vz‘de
1060 2323 1099 2342 ne
1115 2313 1148 2342 z'n
1160 2313 1290 2352 pagina
1307 2312 1468 2352 archetypi

133 2363 264 2393 macula
282 2362 491 2404 longasuen‘t
503 2372 516 2398 ,·
540 2363 585 2390 tot
600 2368 711 2390 versus
722 2358 817 2388 hiant
834 2367 898 2392 (vv.
917 2366 988 2395 141.
1005 2366 1077 2394 143,
1096 2365 1154 2394 145
1166 2358 1187 2395 ³,
1211 2356 1282 2395 146,
1301 2365 1371 2396 149,
1389 2365 1460 2396 150,

136 2408 209 2446 152*
357 2416 412 2446 141
441 2405 511 2435 sero
528 2405 615 2434 hanc
631 2402 804 2434 Fleckeisen
821 2413 827 2431 ς
852 2402 939 2432 hanc
958 2400 1029 2430 sero
1045 2399 1111 2430 cod.

1487 137 1606 166 PROL.

1486 446 1543 480 115

1488 774 1548 797 120

1487 1095 1547 1127 1²5

1490 1422 1550 1452 130

1488 1749 1548 1781 135
