1727 2702
160 106 205 143 V.
231 106 276 143 iii
640 107 687 145 T.
721 105 903 146 MACCI
935 106 1140 144 PLAVTI

188 230 206 262 5
228 223 437 267 postquam
468 216 521 255 nil
553 217 605 264 fit,
628 218 800 256 clamore
829 215 1033 255 hominem
1062 229 1209 268 posco:
1243 215 1307 255 ille
1335 215 1376 255 in
1405 215 1465 255 ius
1494 229 1559 255 me

1417 290 1533 321 uocat
1546 297 1558 331 ς

228 360 411 397 pessume
432 347 553 386 metui
575 360 624 386 ne
645 347 741 386 mihi
763 346 884 386 hodie
903 348 1010 398 apud
1030 355 1249 397 praetorem
1270 349 1450 387 solueret.

227 425 363 450 uerum
384 411 500 450 amici
521 413 821 462 compulerunt:
851 411 980 450 reddit
999 419 1203 462 argentum
1224 413 1358 451 domo.
1574 419 1640 466 ⁶85
1670 461 1678 466 κ

227 489 332 515 nunc
348 478 513 515 domum
528 489 736 527 properare
751 483 950 516 certumst.
982 477 1062 515 ΤΗ.
1085 478 1184 515 heus
1200 483 1254 524 tu,
1269 477 1371 524 leno,
1386 484 1424 516 te
1440 478 1532 515 uolo
1549 480 1556 515 Ι

228 543 301 580 ΡΗ.
335 549 373 580 et
394 555 467 592 ego
488 549 526 580 te
547 543 650 580 uolo.
711 541 784 582 CA.
815 549 855 580 at
875 554 949 592 ego
969 554 1041 580 uos
1062 542 1156 580 nolo
1179 541 1328 580 ambos.
1387 543 1466 580 ΤΗ.
1498 549 1557 580 sta

1382 606 1433 644 sis
1454 605 1555 645 ilico.

168 687 207 710 10
228 673 302 710 ΡΗ.
333 680 452 723 atque
487 680 691 723 argentum
723 685 889 724 propere
921 684 1088 723 propera
1121 685 1294 711 uomere.
1351 671 1424 712 CA.
1460 672 1554 723 quid

1201 750 1357 776 mecum
1378 745 1436 776 est
1456 737 1557 776 tibi?

226 809 292 841 aut
313 802 413 841 tibi?
469 803 548 840 ΤΗ.
581 803 673 853 quia
692 816 766 853 ego
792 816 839 842 ex
859 809 898 841 te
924 802 1044 842 hodie
1070 802 1210 841 faciam
1236 802 1360 852 pilum
1387 804 1557 853 catapul-

1415 866 1555 905 tarium

227 940 346 983 atque
366 932 420 971 ita
439 940 478 971 te
497 945 622 971 neruo
643 932 848 983 torquebo,
873 931 1009 972 itidem
1030 939 1073 971 ut
1091 933 1313 983 catapultae
1333 933 1470 970 solent.
1574 936 1643 981 690

230 999 303 1036 ΡΗ.
335 998 547 1037 delicatum
570 1005 608 1036 te
628 997 749 1036 hodie
770 997 921 1046 faciam,
944 1011 1036 1036 cum
1056 999 1198 1036 catello
1217 1005 1259 1036 ut
1278 997 1460 1044 accubes,

228 1065 350 1102 ferreo
369 1076 443 1113 ego
463 1063 565 1102 dico.
626 1063 698 1102 CA.
730 1071 770 1102 at
789 1077 863 1114 ego
883 1077 955 1103 uos
975 1063 1095 1103 ambo
1114 1063 1155 1102 in
1175 1063 1338 1103 robusto
1358 1076 1512 1103 carcere

169 1140 183 1164 ι
190 1143 207 1173 5
227 1137 270 1167 ut
290 1127 466 1179 pereatis.
527 1129 601 1166 ΡΗ.
634 1129 781 1166 collum
800 1128 1011 1179 opstringe‚
1033 1129 1189 1168 abduce
1209 1128 1327 1168 istum
1348 1128 1387 1167 in
1412 1131 1556 1168 malam

1386 1207 1555 1234 crucem.

227 1261 306 1297 ΤΗ.
338 1258 533 1309 quidquid
564 1266 632 1306 est,
665 1258 749 1308 ipse
778 1257 850 1297 ibit
879 1258 1022 1310 potius.
1081 1259 1154 1299 CA.
1186 1272 1257 1310 pro
1285 1260 1405 1298 deum
1439 1267 1558 1310 atque

1182 1324 1389 1363 hominum
1410 1325 1528 1364 fidem
1550 1327 1558 1363 ἔ

227 1390 369 1429 hocine
390 1398 506 1440 pacto
529 1389 803 1428 indemnatum
824 1397 943 1440 atque
965 1391 1191 1429 intestatum
1214 1404 1277 1428 me
1296 1389 1451 1441 abripi?
1575 1395 1641 1440 695

227 1467 402 1505 opsecro,
428 1453 663 1500 Planesium,
689 1461 727 1491 et
748 1461 796 1500 te,
822 1455 1079 1501 Phaedrome,
1102 1454 1288 1493 auxilium
1310 1462 1352 1493 ut
1374 1456 1481 1493 feras.

229 1521 294 1557 PL.
328 1520 452 1566 frater,
477 1531 642 1569 opsecro
664 1525 713 1564 te,
739 1517 819 1556 noli
840 1519 946 1556 hunc
966 1520 1274 1558 condemnatum
1297 1521 1468 1570 perdere.

170 1601 208 1622 20
227 1585 328 1623 bene
370 1592 407 1623 et
451 1583 594 1635 pudice
638 1596 702 1623 me
745 1582 855 1622 dorni
898 1583 1046 1622 habuit.
1121 1586 1200 1622 ΤΗ.
1233 1586 1309 1623 hau
1354 1587 1557 1625 uoluntate

1407 1650 1447 1689 id
1463 1664 1532 1689 sua
1549 1667 1556 1690 :

226 1714 464 1764 Aesculapio
485 1715 576 1754 huic
600 1714 756 1762 habeto,
781 1727 903 1764 quom
923 1713 1069 1764 pudica
1088 1727 1139 1761 οε,
1163 1714 1323 1764 gratiam
1340 1729 1349 1762 ;

227 1793 316 1817 nam
339 1779 369 1817 si
391 1779 422 1818 is
445 1779 640 1826 ualuisset,
668 1779 745 1817 iam
768 1779 920 1830 pridem
941 1792 1104 1829 quoquo
1125 1787 1256 1829 posset
1278 1765 1484 1819 mitteret.N
1574 1791 1643 1824 700

228 1846 300 1882 ΡΗ.
341 1843 517 1882 animum
565 1844 760 1883 aduortite
798 1842 920 1896 (hoc),
961 1843 991 1881 si
1032 1856 1192 1895 possum
1232 1845 1307 1882 hoc
1346 1844 1446 1883 inter
1482 1858 1553 1883 uos

1303 1922 1553 1959 componere.

228 1975 338 2014 mitte
359 1975 496 2014 istunc.
559 1977 704 2015 accede
726 1977 816 2023 huc,
833 1977 933 2016 leno.
987 1975 1117 2014 dicam
1139 1987 1266 2013 meam
1289 1973 1534 2020 sententiam,

169 2052 207 2086 ²5
226 2039 422 2090 siquidem
445 2040 561 2078 uoltis
583 2042 691 2091 quod
712 2042 873 2079 decrero
893 2042 1030 2079 facere.
1075 2041 1154 2077 ΤΗ.
1178 2039 1248 2077 tibi
1269 2038 1555 2089 permittimus:

227 2105 298 2143 CA.
331 2105 426 2142 dum
462 2104 623 2155 quidem
658 2106 787 2144 hercle
818 2105 871 2144 ita
905 2105 1065 2152 iudices,
1101 2118 1151 2143 nc
1184 2103 1391 2154 quisquam
1429 2116 1452 2141 a
1491 2117 1553 2142 me

1169 2177 1372 2220 argentum
1393 2169 1550 2207 auferat.

269 2275 333 2313 687
359 2274 412 2304 ΤΗ
428 2273 441 2316 ]
459 2275 508 2305 vel
524 2275 588 2306 ΡΗ.
714 2275 780 2315 689
803 2280 859 2306 aut
878 2275 937 2306 tibi
956 2274 1080 2306 Luchs:
1105 2279 1161 2306 aut
1178 2280 1287 2306 tecum
1307 2278 1363 2304 aut
1380 2272 1445 2303 cod.
1466 2285 1473 2303 ι
1496 2277 1553 2303 aut

227 2321 337 2347 tecum
363 2318 441 2348 mihi
459 2317 592 2358 Seyffert
722 2320 786 2358 695
803 2319 906 2358 arripi
924 2318 990 2350 cod.
1126 2320 1190 2357 697
1216 2318 1445 2348 indemnatum
1471 2315 1555 2346 Pius

229 2371 292 2401 700
315 2361 342 2391 si
362 2361 523 2393 uoluisset
550 2362 599 2392 ΡΕ
619 2362 693 2404 (pm
710 2361 795 2402 nar>
929 2372 986 2402 70¹
1017 2363 1078 2392 hoc
1096 2361 1170 2392 add.
1190 2361 1329 2402 Langen
