1727 2712
642 97 961 136 MERCATOR

140 209 180 248 in
201 207 350 247 somnis
370 207 429 258 egi
450 207 542 246 satis
563 214 600 246 et
621 206 676 245 fui
696 208 819 246 homo
839 207 1042 246 exercitus.

141 272 303 312 mercari
324 272 430 311 uisus
451 272 547 310 mihi
568 285 655 310 sum
676 273 889 311 formosam
911 286 1068 323 capram
1084 286 1094 320 ;

57 351 123 386 230
141 339 177 377 ei
197 352 247 377 ne
266 345 426 376 noceret
445 351 564 388 quam
585 336 696 376 dorni
716 344 807 375 ante
823 337 943 375 habui
964 350 1121 387 capram

140 417 217 442 neu
237 403 507 442 discordarent
528 402 559 441 si
579 403 720 441 ambae
740 402 780 440 in
801 416 882 441 uno
902 410 1031 441 essent
1052 404 1153 449 loco,

139 467 332 519 posterius
353 481 471 518 quam
493 475 687 506 mercatus
709 469 856 506 fueram
878 467 974 505 uisu’
996 481 1083 506 sum

137 533 177 571 in
197 534 442 572 custodelam
464 533 599 572 simiae
620 534 867 572 concredere.

137 612 183 637 ea
203 598 314 637 simia
333 599 435 637 adeo
456 606 544 648 post
565 600 643 636 hau
665 599 790 637 multo
809 599 860 636 ad
881 611 944 636 me
964 597 1083 645 uenit,

52 676 116 712 235
136 666 238 702 male
259 663 354 702 mihi
376 671 555 714 precatur
575 671 612 702 et
634 662 725 701 facit
745 662 971 701 conuicium
989 678 996 701 ;

134 730 188 768 ait
208 743 293 769 sese
314 730 415 768 illius
437 742 556 780 opera
575 737 694 779 atque
715 730 891 767 aduentu
911 742 1051 779 caprae

136 794 324 844 flagitium
346 803 384 833 et
405 796 595 833 damnum
618 794 757 832 fecisse
778 795 855 832 hau
877 793 1150 841 mediocriter3

136 859 229 898 dicit
250 873 418 909 capram,
443 872 562 909 quarn
586 859 774 897 dederam
795 859 1030 897 seruandam
1052 858 1138 906 sibi,

135 924 217 962 suai
237 924 366 963 uxoris
387 925 523 963 dotem
544 924 769 963 ambedisse
790 923 949 974 oppido.

48 1001 117 1036 240
135 988 229 1026 mihi
250 989 347 1028 ilhid
368 989 492 1028 uideri
514 989 655 1027 mirum
677 997 719 1027 ut
739 1002 818 1027 una
838 988 950 1027 illaec
970 1001 1087 1039 capra

133 1053 261 1092 uxoris
281 1054 408 1092 simiai
429 1055 564 1093 dotem
587 1053 817 1093 ambederit.

132 1119 274 1157 instare
294 1120 440 1157 facturn
463 1118 576 1157 simia
596 1126 714 1168 atque
731 1120 807 1157 hoc
828 1117 1001 1168 denique

131 1185 352 1234 respondet,
376 1184 416 1221 ni
436 1197 642 1234 properem
663 1183 769 1221 illam
790 1183 841 1221 ab
861 1196 946 1221 sese
966 1183 1174 1231 abducere,

130 1249 179 1287 ad
201 1262 264 1287 me
284 1250 449 1288 domum
470 1248 571 1287 intro
590 1249 641 1286 ad
662 1249 823 1287 uxorem
844 1249 1055 1287 ducturum
1076 1261 1216 1288 meam.

43 1325 108 1361 245
129 1321 247 1364 atque
268 1313 417 1364 oppido
437 1315 567 1352 hercle
588 1314 689 1352 bene
712 1315 811 1352 uelle
831 1313 886 1351 illi
907 1313 1005 1352 uisu'
1025 1326 1123 1360 sum,

127 1387 185 1418 ast
207 1393 288 1418 non
308 1380 453 1418 habere
474 1379 567 1429 quoi
588 1381 910 1418 commendarem
931 1392 1087 1429 capram
1103 1393 1113 1426 ;

127 1457 207 1494 quo
229 1443 341 1494 magi'
362 1444 458 1494 quid
480 1445 648 1483 facerem
669 1457 761 1482 cura
781 1443 983 1482 cruciabar
1004 1443 1129 1482 miser.

126 1508 275 1548 interea
293 1510 344 1548 ad
366 1523 428 1548 me
449 1510 600 1547 haedus
622 1509 746 1548 uisust
765 1508 1013 1559 adgredirier,

126 1573 211 1612 infit
232 1574 327 1612 mihi
348 1574 572 1624 praedicare
593 1588 678 1613 sese
698 1574 748 1612 ab
770 1574 882 1611 simia

38 1650 107 1687 250
124 1653 281 1690 capram
302 1639 512 1678 abduxisse
533 1648 570 1678 et
591 1641 721 1690 coepit
742 1639 910 1678 inridere
930 1653 993 1678 me
1008 1654 1018 1687 ;

124 1717 198 1754 ego
218 1704 322 1743 enim
344 1706 475 1755 lugere
495 1712 614 1755 atque
633 1705 847 1744 abductam
868 1704 974 1742 illam
994 1717 1108 1754 aegre
1129 1703 1218 1754 pati.

123 1770 200 1808 hoc
220 1770 339 1819 quarn
360 1771 411 1808 ad
432 1783 513 1808 rem
535 1771 693 1809 credam
715 1769 910 1819 pertinere
930 1769 1129 1808 somnium

120 1847 277 1884 nequeo
297 1834 473 1873 inuenire
488 1849 497 1882 3
526 1833 601 1872 nisi
621 1848 778 1885 capram
798 1834 905 1872 illam
926 1833 1102 1883 suspicor

120 1897 197 1936 iarn
219 1912 282 1937 me
302 1899 501 1938 inuenisse
521 1913 622 1949 quae
643 1899 691 1937 sit
710 1907 777 1938 aut
798 1899 893 1950 quid
915 1899 1092 1938 uoluerit.

34 1978 99 2015 255
120 1965 170 2002 ad
191 1972 347 2014 portum
369 1964 461 2002 hinc
481 1964 560 2003 abii
581 1978 697 2002 mane
718 1978 808 2002 curn
830 1964 907 2003 luci
929 1965 1053 2003 semul
1073 1979 1082 2011 3

1411 98 1464 135 II.
1485 100 1499 136 i

1487 614 1528 636 10

1486 939 1524 972 15

1478 1260 1522 1283 20

1476 1589 1515 1622 ²5

1468 1918 1510 1949 30

162 2078 223 2107 231
250 2069 279 2099 si
297 2068 445 2100 Alerula:
470 2069 534 2098 nisi
553 2067 616 2099 cod.
711 2068 805 2098 ambo
822 2068 956 2108 B‚sort.
978 2072 1051 2098 vecte
1176 2077 1239 2106 233
1266 2068 1450 2098 custodiam

118 2111 185 2142 cod.
205 2112 264 2151 (sic
278 2111 392 2151 ubique
416 2112 449 2142 in
476 2111 577 2150 codd„
601 2117 664 2152 pro
686 2113 810 2142 -deiam
826 2113 852 2151 3>
1029 2120 1093 2149 234
1125 2111 1215 2141 haud
1243 2111 1347 2141 multo
1373 2116 1449 2150 post

118 2154 304 2195 Kellerlzoffi
321 2155 502 2185 secundum
521 2166 646 2186 morem
664 2154 863 2186 Plautinum
968 2165 1032 2193 240
1055 2154 1104 2185 vel
1119 2154 1196 2185 illuc

1300 2164 1362 2193 245
1373 2158 1452 2194 post

118 2200 182 2236 246
198 2198 264 2229 cod.
286 2210 293 2229 ε
317 2200 390 2229 trai.
414 2199 611 2230 Gulielmius
754 2209 816 2238 247
834 2199 943 2238 incipit
956 2199 989 2228 A
1124 2208 1190 2237 quo
1207 2198 1314 2236 magis
1333 2197 1447 2229 Came—

118 2242 228 2272 rarius
245 2253 252 2272 :
276 2252 341 2281 qua
359 2243 466 2281 magis
482 2243 514 2272 A
535 2254 542 2273 z
566 2243 656 2282 quod
674 2243 746 2281 agis
763 2242 795 2273 P
895 2242 945 2272 vel
960 2252 1057 2281 mage
1212 2252 1277 2281 249
1300 2251 1396 2272 sesse
1411 2242 1446 2272 A

118 2295 182 2323 250
205 2286 386 2316 adduxisse
403 2285 436 2315 A
571 2286 710 2316 inrideri
727 2285 759 2315 A
947 2295 1006 2322 251
1034 2289 1135 2323 atque
1158 2285 1246 2314 illam
1271 2285 1445 2316 abductam

118 2329 277 2367 conqueri
304 2329 336 2359 P
487 2330 616 2368 254-65
640 2330 758 2359 iterum
776 2330 884 2369 scripti
897 2332 1008 2358 extant
1026 2330 1058 2358 in
1075 2328 1138 2359 alio
1146 2328 1230 2367 solio
1246 2328 1358 2359 codia's
1373 2329 1406 2358 A
