1727 2712
687 76 916 115 CAPTIVI
1419 74 1472 110 ΙΙ.
1494 72 1525 109 ii

137 187 208 226 sed
228 185 382 226 uiden?
410 188 567 226 fortuna
586 189 760 226 humana
780 185 889 237 fingit
909 193 1091 236 artatque
1112 193 1154 224 ut
1175 186 1308 224 lubet:

50 263 115 301 305
137 266 200 290 me
220 251 288 302 qui
308 251 406 290 liber
426 254 575 290 fueram
595 266 752 291 seruom
773 251 876 299 feeit,
899 266 920 290 e
940 265 1098 290 summo
1119 250 1341 298 infumum3
1493 264 1534 298 55

136 316 203 367 qui
223 315 413 367 imperare
433 316 640 364 insuetam,
663 329 769 355 nunc
788 315 946 355 alterius
967 315 1132 366 imperio
1155 329 1362 365 opsequor.

136 388 174 420 et
195 381 356 432 quidem
377 381 420 428 si,
443 382 609 432 proinde
629 389 671 420 ut
692 381 775 432 ipse
795 380 849 419 fui
870 380 1081 431 imperator
1104 380 1285 428 familiae,

137 447 306 486 habeam
337 447 557 495 dominum,
591 461 672 488 non
706 460 840 486 uerear
869 460 919 485 ne
951 446 1095 485 iniuste
1126 453 1193 485 aut
1221 445 1390 496 grauiter
1418 444 1473 484 mi

1294 512 1468 562 imperet.

138 577 281 629 Hegio,
304 579 381 617 hoc
401 587 439 618 te
460 578 666 625 monitum,
688 577 763 616 nisi
783 578 881 616 forte
902 576 985 628 ipse
1005 590 1086 616 non
1107 576 1180 624 uis,
1200 578 1414 616 nolueram.

47 654 119 691 310
138 646 221 684 HE.
250 645 411 694 loquere
439 645 635 683 audacter.
694 645 766 681 ΤΥ.
800 651 880 681 tam
912 656 985 692 ego
1016 642 1071 680 fui
1100 650 1191 681 ante
1223 642 1320 680 liber
1351 655 1470 691 quam
1492 647 1535 679 60

1207 714 1346 757 gnatus
1369 714 1471 754 tuos,

136 781 215 813 tarn
237 774 333 812 mihi
354 788 472 824 quam
492 773 546 812 illi
567 773 786 812 libertatern
809 772 960 811 hostilis
981 772 1121 822 eripuit
1143 786 1292 818 manus,

135 846 215 878 tarn
236 838 299 877 ille
319 840 426 889 apud
447 852 519 877 nos
540 837 658 876 seruit
679 851 798 888 quarn
826 850 898 887 ego
921 851 1026 875 nunc
1047 836 1109 874 hie
1130 838 1236 886 apud
1258 844 1295 875 te
1316 836 1454 875 seruio.

136 912 194 944 est
214 905 391 955 profecto
411 905 510 951 deu',
534 903 600 954 qui
622 917 723 953 quae
744 916 817 941 nos
837 902 1006 952 gerimus
1028 902 1217 952 auditque
1239 909 1276 940 et
1298 902 1430 941 uidet:

136 969 180 1017 is,
203 969 259 1008 uti
279 977 321 1008 tu
342 982 405 1007 me
425 968 489 1007 hic
510 968 703 1015 habueris,
727 968 894 1018 proinde
915 967 1024 1006 illurn
1047 967 1125 1006 illic
1147 967 1363 1015 curauerit;

48 1047 114 1083 315
135 1033 239 1072 bene
259 1032 423 1072 merenti
444 1033 546 1071 bene
567 1032 764 1082 profuerit,
784 1034 886 1071 male
907 1033 1071 1071 merenti
1092 1046 1161 1082 par
1182 1033 1262 1071 erit.
1491 1036 1532 1077 65

136 1112 254 1149 quam
276 1107 317 1136 tu
339 1098 462 1137 filium
484 1106 594 1136 tuom
616 1106 695 1136 tam
717 1106 826 1148 pater
847 1112 910 1137 me
931 1099 1033 1136 meu'
1055 1098 1264 1137 desiderat.

137 1165 218 1202 HE.
250 1163 412 1202 memini
432 1176 505 1213 ego
526 1162 637 1201 istuc.
697 1164 767 1202 sed
791 1162 928 1202 faterin
954 1164 1094 1202 eadem
1123 1177 1223 1213 quae
1246 1163 1309 1201 hie
1330 1165 1471 1203 fassust

1346 1229 1472 1268 mihi?

135 1296 208 1332 ΤΥ.
240 1307 313 1344 ego
333 1292 432 1344 patri
454 1307 543 1332 meo
565 1306 650 1332 esse
671 1294 794 1332 fateor
814 1307 988 1332 summas
1009 1293 1166 1332 diuitias
1188 1293 1298 1332 domi

135 1373 278 1409 meque
299 1372 455 1398 summo
475 1372 616 1409 genere
636 1367 809 1409 gnatum.
869 1361 939 1398 sed
961 1367 998 1398 te
1019 1367 1202 1410 optestor‚
1229 1359 1372 1411 Hegio,

47 1438 117 1473 320
135 1439 184 1463 ne
205 1432 315 1463 tuom
335 1424 511 1463 animum
531 1423 748 1463 auariorem
770 1424 891 1462 faxint
911 1424 1073 1463 diuitiae
1093 1438 1204 1463 meae
1221 1440 1228 1463 :
1491 1431 1531 1465 70

134 1504 184 1529 ne
205 1490 314 1541 patri,
337 1498 417 1528 tam
438 1489 509 1528 etsi
531 1489 660 1528 unicu’
682 1503 780 1537 sum,
803 1491 943 1528 decere
964 1490 1144 1529 uideatur
1166 1490 1299 1541 magis,

135 1569 198 1594 me
218 1563 392 1594 saturum
413 1555 557 1594 seruire
578 1555 685 1605 apud
706 1562 744 1593 te
766 1562 925 1605 sumptu
947 1563 985 1594 et
1005 1555 1149 1594 uestitu
1170 1563 1239 1595 tuo

134 1620 263 1671 potius
276 1634 395 1671 quam
410 1621 474 1667 illi,
484 1620 552 1659 ubi
567 1619 729 1659 minime
744 1621 1003 1668 honestumst,
1015 1621 1308 1661 mendicantem
1322 1622 1465 1661 uiuere.

135 1687 215 1724 HE.
248 1699 320 1737 ego
341 1686 484 1725 uirtute
504 1687 623 1725 deum
646 1694 684 1724 et
705 1685 897 1724 maiorum
919 1695 1096 1725 nostrum
1121 1686 1233 1726 diues
1254 1701 1341 1726 sum
1362 1688 1464 1726 satis.

46 1761 112 1799 325
133 1764 214 1789 non
234 1765 308 1802 ego
328 1751 492 1790 omnino
512 1753 665 1790 lucrum
686 1765 805 1790 omne
825 1765 910 1791 esse
932 1752 1026 1791 utile
1046 1752 1198 1791 homini
1219 1753 1413 1791 existumo
1432 1768 1439 1791 ε
1489 1763 1527 1798 75

133 1815 215 1854 scio
235 1830 318 1866 ego,
342 1818 487 1855 multos
508 1816 585 1854 iam
606 1818 757 1855 lucrum
780 1818 994 1856 lutulentos
1015 1818 1196 1856 homines
1217 1818 1388 1856 reddidit
1403 1832 1413 1865 3

132 1889 191 1919 est
211 1881 328 1920 etiarn
350 1882 418 1920 ubi
438 1883 614 1932 profecto
629 1883 819 1921 damnum
837 1891 1005 1933 praestet
1023 1884 1149 1922 facere
1166 1897 1282 1933 quarn
1301 1884 1463 1922 lucrum.

133 1946 201 1985 odi
221 1960 293 1997 ego
313 1960 451 1985 aurum
471 1963 478 1985 :
509 1948 633 1985 multa
653 1947 784 1985 multis
805 1961 922 1998 saepe
942 1948 1063 1986 suasit
1083 1961 1297 1998 perperam.

134 2025 240 2050 nunc
260 2013 336 2050 hoc
356 2011 531 2050 animum
553 2012 729 2059 aduorte,
752 2019 794 2050 ut
815 2026 861 2051 ea
881 2026 982 2063 quae
1003 2013 1130 2051 sentio
1152 2012 1292 2063 pariter
1313 2012 1422 2052 scias,

47 2089 116 2124 330
134 2076 226 2115 filiu'
247 2090 358 2115 meus
378 2076 456 2115 illie
476 2076 583 2126 apud
603 2089 675 2115 uos
696 2077 814 2115 seruit
835 2085 971 2128 captus
992 2077 1110 2117 Alide
1129 2094 1135 2117 :
1463 2089 1466 2091 ’
1484 2086 1527 2116 80

177 2190 242 2221 309
266 2179 428 2212 uoluerim
444 2180 529 2211 Brix
689 2189 751 2220 317
776 2181 861 2212 istoc
878 2180 956 2221 cod„
976 2182 1237 2222 antiqzmsorma
1401 2192 1461 2221 321

135 2225 253 2255 unicus
270 2225 340 2264 (vix
362 2225 486 2264 uncus)
504 2222 584 2254 verb.
610 2222 722 2263 dactyl.
751 2224 785 2254 z'n
809 2225 897 2255 terlio
916 2225 997 2265 pede
1014 2230 1199 2266 suspectum
1218 2239 1224 2257 ε
1252 2236 1325 2256 sum
1346 2226 1466 2258 unicus

134 2266 279 2306 Mueller,
296 2269 350 2298 cui
368 2270 453 2307 patri
470 2278 534 2298 non
551 2267 693 2307 displicet
810 2269 934 2299 decore
953 2269 1126 2309 (adiectiv.)
1145 2270 1272 2301 Sclzoell
1401 2280 1463 2309 324

133 2310 208 2340 item
221 2310 303 2344 Aul.
324 2312 404 2350 1663
427 2311 484 2343 del.
503 2311 630 2341 Ritschl
724 2312 790 2350 326
813 2311 1002 2343 luculentos
1018 2312 1106 2343 PED
1208 2324 1273 2353 329
1296 2314 1465 2345 aduortite

133 2353 197 2384 cod.
331 2364 397 2394 330
421 2354 471 2385 vel
483 2355 572 2385 filius
588 2365 631 2386 m.
649 2354 696 2384 illi
