1727 2702
108 124 173 162 1.1
575 129 621 166 T.
657 128 836 169 MACCI
870 130 1073 170 PLAVTI

163 235 331 276 uictores
353 237 465 276 uictis
487 239 666 277 hostibus
688 239 862 290 legiones
882 241 1090 281 reueniunt
1109 244 1286 291 domum,

160 301 294 340 duello
313 302 506 341 exstincto
528 316 713 342 maxumo
732 312 851 354 atque
873 304 1122 346 internecatis
1143 308 1334 348 hostibus.

159 368 267 416 quod
290 369 411 405 multa
431 369 627 406 Thebano
648 370 768 419 poplo
788 370 930 409 acerba
949 371 1095 410 obiecit
1115 373 1260 421 funera,
1517 387 1582 424 ¹90

159 431 199 470 id
229 432 268 470 ui
297 440 333 470 et
369 432 510 471 uirtute
546 433 712 472 militum
748 434 896 473 uictum
928 443 1047 486 atque
1079 446 1345 489 expugnatum
1379 440 1487 491 oppi-

1311 506 1406 543 dum
1429 513 1486 545 est

95 574 138 606 4ο
157 561 322 613 imperio
341 572 459 613 atque
480 564 657 615 auspicio
678 566 756 604 mei
775 565 828 604 eri
850 566 1152 617 Amphitruonis
1173 581 1365 609 maxume.

156 629 379 678 praedaque
398 641 570 679 agroque
590 629 805 681 adoriaque
824 631 969 670 adfecit
989 632 1188 682 popularis
1207 646 1299 673 suos

155 693 313 743 regique
333 693 530 732 Thebano
551 694 697 733 Creoni
717 708 880 746 regnum
901 695 1091 735 stabiliuit
1111 710 1235 737 suom.

156 771 218 797 me
238 772 260 797 a
281 766 394 809 portu
421 759 620 809 praemisit
640 761 805 800 domum
827 769 869 800 ut
889 763 986 800 haec
1007 762 1186 802 nuntiem
1207 764 1316 803 uxori
1337 778 1441 813 suae,
1512 772 1574 811 195

155 832 196 862 ut
215 823 375 874 gesserit
397 838 478 863 rem
499 825 699 875 publicam
720 827 855 875 ductu,
878 827 1054 878 imperio,
1077 828 1254 879 auspicio
1274 843 1356 869 suo.

92 904 132 935 45
154 903 199 928 ea
220 902 325 928 nunc
347 890 568 930 meditabor
583 904 664 941 quo
681 893 802 931 modo
818 891 872 931 illi
889 892 1031 942 dicam,
1050 906 1172 944 quom
1188 894 1255 933 illo
1269 897 1480 936 aduenero.

153 954 184 992 si
205 955 339 994 dixero
360 955 624 1004 mendacium,
648 959 779 997 solens
800 971 890 998 meo
910 972 1020 998 more
1040 960 1180 998 fecero.

154 1033 244 1058 narn
266 1033 387 1071 quom
409 1022 639 1072 pugnabant
656 1025 850 1072 maxume,
869 1037 942 1075 ego
958 1032 1041 1063 tum
1059 1024 1257 1076 fugiebam
1274 1039 1456 1066 maxume
1472 1043 1481 1075 ;

153 1098 289 1124 uerum
321 1086 433 1136 quasi
464 1087 656 1126 adfuerim
691 1096 823 1128 tamen
856 1089 1052 1129 simulabo
1084 1098 1204 1142 atque
1241 1092 1376 1131 audita
1406 1094 1482 1131 elo·
1507 1101 1580 1128 200

1374 1170 1480 1209 quan

153 1217 222 1255 sed
243 1229 323 1266 quo
345 1218 466 1256 modo
486 1225 524 1257 et
545 1218 675 1258 uerbis
695 1219 839 1270 quibus
861 1234 924 1260 me
943 1221 1082 1260 deceat
1102 1222 1319 1271 fabularier,

92 1295 134 1327 50
152 1281 257 1331 prius
287 1281 370 1332 ipse
400 1295 557 1322 mecum
587 1283 705 1323 etiam
736 1286 829 1324 uolo
858 1285 922 1325 hic
951 1287 1141 1326 meditari.
1200 1287 1256 1327 sic
1286 1290 1363 1328 hoc
1397 1303 1480 1340 pro-

1329 1355 1475 1405 loquar.

204 1411 401 1463 Principio
422 1420 463 1451 ut
484 1413 551 1453 illo
566 1414 812 1463 aduenimus‚
831 1416 899 1454 ubi
919 1416 1088 1467 primum
1109 1424 1250 1457 terram
1266 1419 1475 1470 tetigimus,

148 1477 338 1515 continuo
359 1478 598 1528 Amphitruo
618 1480 763 1530 delegit
784 1480 888 1520 uiros
909 1481 1123 1532 primorum
1145 1483 1341 1535 principes
1357 1500 1367 1533 ;

148 1555 214 1580 eos
237 1543 347 1593 legat,
367 1544 556 1584 Telobois
577 1544 686 1584 iubet
707 1546 942 1586 sententiam
963 1556 1005 1586 ut
1026 1548 1160 1588 dicant
1180 1563 1290 1588 suam
1308 1566 1316 1589 :
1500 1555 1569 1595 205

148 1607 177 1645 si
200 1607 283 1646 sine
305 1608 342 1646 ui
364 1617 401 1647 et
422 1609 506 1649 sine
527 1610 632 1649 bello
653 1611 775 1650 uelint
796 1620 904 1663 rapta
925 1620 962 1651 et
984 1622 1157 1664 raptores
1178 1617 1340 1662 tradere,

88 1688 127 1719 55
148 1672 176 1710 si
200 1686 299 1723 quae
320 1682 584 1724 asportassent
607 1677 780 1724 reddere,
803 1691 843 1716 sc
865 1678 1076 1717 exercitum
1093 1681 1291 1730 extemplo
1311 1681 1475 1720 domurn

147 1739 438 1786 redducturum‚
461 1740 636 1779 abituros
656 1742 748 1792 agro
770 1743 950 1794 Argiuos,
973 1757 1112 1795 pacem
1132 1753 1252 1796 atque
1271 1745 1395 1785 otium

145 1804 237 1842 dare
259 1804 331 1842 illis
349 1819 357 1851 ;
385 1805 444 1843 sin
464 1805 575 1844 aliter
595 1806 695 1845 sient
715 1808 875 1847 animati
899 1823 1028 1860 neque
1048 1812 1143 1849 dent
1164 1824 1264 1861 quae
1285 1819 1403 1862 petat,

145 1882 229 1907 sese
251 1869 364 1918 igitur
383 1884 537 1909 summa
559 1872 595 1909 ui
618 1873 789 1923 uirisque
809 1887 944 1913 eorum
962 1875 1153 1926 oppidum
1170 1889 1471 1927 oppugnassere.
1497 1887 1567 1914 210

145 1935 241 1973 haec
263 1935 328 1973 ubi
350 1936 539 1975 Telobois
561 1938 699 1976 ordine'
723 1938 908 1978 iterarunt
930 1953 1030 1990 quos
1051 1942 1287 1990 praefecerat

83 2007 124 2038 60
144 2000 391 2049 AmpliitruO,
417 2003 654 2049 magnanimi
679 2003 747 2041 uiri
771 2004 855 2042 freti
878 2004 1022 2043 uirtute
1040 2013 1077 2044 et
1099 2005 1247 2044 uiribus

143 2066 310 2115 superbe
330 2066 437 2104 nimi'
459 2068 638 2107 ferociter
659 2070 807 2119 legatos
828 2078 982 2109 nostros
1003 2070 1218 2122 increpant,

142 2132 381 2180 respondent
404 2132 508 2170 bello
529 2147 570 2170 se
590 2141 627 2171 et
649 2147 740 2171 suos
761 2135 874 2172 tutari
897 2148 1022 2185 posse,
1045 2136 1212 2186 proinde
1231 2136 1286 2175 uti

193 2236 250 2274 189
273 2237 441 2267 exstincto
467 2237 580 2267 duello
609 2238 791 2273 Fleckeisen,
823 2250 903 2270 nam
936 2240 1049 2271 duello
1077 2244 1259 2280 suspectum
1410 2252 1470 2283 190

144 2280 232 2318 quod
251 2278 323 2309 Ital.
343 2291 348 2310 :
373 2281 428 2318 qui
446 2279 509 2311 cod.
626 2291 684 2320 192
708 2283 773 2312 mci
791 2283 838 2313 cri
855 2283 1029 2314 Fleckeisen
1048 2296 1054 2314 :
1079 2285 1125 2314 eri
1146 2285 1208 2314 mci
1228 2283 1291 2315 cod.
1410 2295 1469 2325 193

145 2323 336 2362 praedaque
368 2334 515 2363 agroque
545 2325 678 2364 scripsi:
712 2327 837 2364 prat-da
861 2331 962 2365 atque
987 2337 1069 2365 agro
1093 2327 1157 2358 cod.
1178 2339 1184 2359 ι
1222 2328 1344 2367 praeda
1368 2333 1469 2369 atque

144 2376 225 2403 agro
242 2365 344 2409 (qui)
365 2366 488 2407 Ussing
640 2379 702 2408 207
728 2370 909 2400 redderent
927 2369 1002 2399 PBD
1168 2381 1232 2402 210
1254 2372 1344 2410 oppi.
1363 2383 1467 2412 expu-

145 2419 306 2448 gnasse-re
322 2409 387 2441 cod.
404 2423 409 2440 :
447 2412 537 2451 oppi.
557 2421 813 2451 oppugnasscre
835 2413 923 2444 codd.
943 2413 1070 2444 Donati
1087 2413 1134 2444 ad
1148 2413 1235 2446 Eun.
1255 2416 1272 2445 i.
1296 2425 1321 2452 1,
1342 2426 1379 2454 3:
1410 2427 1468 2457 op-

147 2459 354 2493 pugnatussc
372 2457 452 2494 (pro
469 2465 637 2486 -uasservv
658 2457 751 2495 oppi.
768 2456 857 2487 codd.
875 2457 980 2489 Nonii
997 2458 1056 2488 128
