1727 2712
624 136 973 175 AMPHITRVO
1426 139 1456 176 I.
1478 138 1492 175 i

127 249 211 287 ΜΕ.
242 245 307 287 hic
336 249 459 286 homo
489 259 607 286 sanus
641 260 722 286 non
752 255 820 286 est.
890 249 955 287 So.
988 250 1097 299 quod
1128 249 1223 287 mihi
1255 249 1456 299 praedicas
1481 262 1542 293 250

1058 313 1209 360 uitium,
1233 314 1272 352 id
1294 314 1364 352 tibi
1385 322 1454 353 est.

124 376 231 427 quid,
255 378 415 424 malum,
438 390 520 416 non
541 379 628 416 sum
651 390 724 428 ego
744 391 879 417 seruos
900 378 1202 429 Amphitruonis
1224 379 1364 418 Sosia?

123 456 257 481 nonne
278 444 352 481 hac
373 450 495 482 noctu
516 451 650 481 nostra
670 442 782 481 nauis
801 441 916 495 <huc>
934 457 981 482 ex
1001 451 1116 494 portu
1139 444 1297 483 Persico

34 520 100 557 405
121 507 241 554 uenit,
264 520 366 557 quae
388 521 451 546 me
472 507 663 546 aduexit?
691 520 773 546 non
794 521 858 546 me
878 509 956 547 huc
977 522 1064 547 erus
1087 508 1190 547 misit
1212 511 1352 548 meus?

120 585 255 611 nonne
275 585 349 623 ego
370 586 476 611 nunc
498 580 558 611 sto
578 580 670 612 ante
689 573 799 612 aedis
815 580 967 612 nostras
984 575 1000 612 ?
1029 587 1110 613 non
1127 574 1181 612 mi
1199 582 1256 612 est
1277 576 1454 613 lanterna

1241 640 1280 677 in
1303 654 1422 678 manu
1437 641 1453 678 ?

120 717 201 743 non
222 705 372 754 loquor,
396 705 477 743 non
499 703 649 754 uigilo?
678 717 813 744 nonne
833 704 898 743 hic
923 705 1046 744 homo
1074 706 1196 744 modo
1223 719 1286 744 me
1310 706 1452 756 pugnis
1477 721 1537 753 ²55

1241 771 1423 810 contudit
1437 774 1454 810 Ρ

118 835 210 873 fecit
232 836 373 880 hercle,
398 834 490 873 nam
512 835 629 873 etiam
650 833 741 886 (mi)
761 834 904 874 misero
926 849 1032 873 nunc
1053 837 1179 874 malae
1199 837 1346 875 dolent.

118 900 215 950 quid
247 899 363 951 igitur
394 913 467 951 ego
499 900 651 948 dubito,
680 907 747 939 aut
778 914 852 951 qur
882 914 963 939 non
994 901 1096 940 intro
1130 915 1178 940 eo
1208 902 1248 940 in
1278 910 1451 941 nostram

1254 969 1419 1006 domurn
1436 970 1453 1006 ?

30 1045 101 1080 410
120 1032 207 1070 ME.
237 1031 345 1081 quid,
380 1032 545 1070 domum
586 1031 792 1069 nostram?
853 1032 918 1070 So.
961 1033 1013 1070 ita
1052 1032 1157 1070 enim
1190 1046 1295 1071 uero.
1365 1035 1448 1071 ME.

939 1097 1034 1148 quin
1056 1111 1157 1148 quae
1178 1098 1308 1137 dixisti
1330 1100 1452 1138 modo

118 1161 253 1201 omnia
274 1161 497 1200 ementitu's
517 1176 524 1200 :
556 1161 741 1212 equidem
764 1162 875 1202 Sosia
896 1163 1190 1213 Amphitruoni'
1211 1177 1309 1202 sum.

118 1242 209 1266 narn
231 1236 352 1266 noctu
373 1229 448 1266 hac
468 1229 597 1266 soluta
617 1235 675 1266 est
695 1228 807 1266 nauis
828 1237 961 1267 nostra
981 1242 1002 1268 e
1022 1237 1138 1279 portu
1160 1230 1329 1277 Persico,
1476 1236 1537 1268 260

119 1301 156 1332 et
177 1293 245 1332 ubi
267 1294 420 1331 Pterela
440 1306 505 1331 rex
525 1293 702 1344 regnauit
723 1294 915 1344 oppidum
938 1294 1260 1345 expugnauimus,

118 1366 156 1396 et
176 1358 350 1408 legiones
372 1358 641 1397 Teloboarum
664 1359 702 1397 ui
724 1361 939 1409 pugnando
960 1360 1150 1410 cepimus,

29 1433 97 1470 415
117 1432 155 1462 et
176 1424 283 1474 ipsus
304 1423 544 1474 Amphitruo
565 1424 815 1474 optruncauit
835 1438 966 1475 regem
990 1427 1181 1464 Pterelam
1204 1427 1244 1465 in
1265 1428 1425 1478 proelio.

117 1490 181 1528 So.
197 1497 354 1539 egomet
368 1488 464 1527 mihi
479 1502 560 1527 non
575 1490 705 1536 credo,
715 1502 837 1539 quom
852 1489 964 1529 illaec
978 1492 1298 1531 autumareillum
1313 1493 1452 1540 audio3

116 1553 180 1592 hic
201 1553 363 1604 quidem
385 1562 489 1593 certe
511 1567 613 1604 quae
633 1554 712 1593 illic
733 1562 824 1593 sunt
845 1568 904 1594 res
932 1563 1064 1606 gestae
1091 1566 1283 1596 memorat
1305 1572 1451 1597 memo-
1474 1561 1534 1603 265

1348 1624 1447 1662 riter.

116 1684 186 1723 sed
207 1683 305 1734 quid
325 1684 404 1723 ais?
437 1683 533 1734 quid
555 1684 837 1734 Amphitruoni
859 1685 881 1723 ἐι
901 1685 1092 1724 Telobois
1114 1695 1172 1725 est
1193 1689 1355 1726 datum?

117 1750 201 1787 ME.
235 1751 388 1788 Pterela
408 1763 474 1788 rex
494 1748 561 1799 qui
582 1749 748 1800 potitare
770 1750 906 1788 solitus
927 1759 985 1789 est
1006 1759 1140 1801 patera
1159 1765 1285 1793 aurea.

26 1821 98 1856 420
116 1816 181 1853 So.
214 1816 393 1854 elocutus
408 1823 476 1854 est.
516 1815 584 1854 ubi
598 1823 731 1866 patera
753 1829 859 1854 nunc
874 1818 963 1854 est?
999 1818 1082 1855 ME.
1105 1816 1198 1869 (est)
1214 1818 1252 1856 in
1270 1819 1408 1858 cistula
1424 1835 1433 1867 3

114 1879 418 1929 Amphitruonis
440 1881 647 1931 opsignata
667 1880 779 1930 signo
800 1888 868 1919 est.
938 1882 1003 1920 So.
1036 1882 1135 1932 signi
1156 1883 1220 1921 dic
1241 1883 1336 1933 quid
1358 1886 1445 1923 est?

115 1945 198 1982 ΜΕ.
231 1958 323 1983 cum
340 1945 540 1996 quadrigis
557 1947 624 1985 Sol
641 1946 830 1984 exoriens.
881 1945 978 1996 quid
996 1960 1058 1985 me
1076 1955 1220 1996 captas,
1237 1951 1451 1988 carnufex?
1472 1964 1534 1999 270

113 2010 177 2047 So.
209 2010 450 2059 argumentis
470 2010 577 2057 uicit,
599 2010 706 2049 aliud
728 2024 874 2050 nomen
897 2013 1172 2061 quaerundum
1194 2020 1251 2051 est
1274 2013 1380 2052 mihi.

111 2074 247 2113 nescio
277 2076 383 2114 unde
413 2077 511 2114 haee
541 2077 605 2114 hic
635 2077 838 2126 spectauit.
899 2077 976 2115 iam
1009 2091 1082 2127 ego
1114 2079 1220 2116 hunc
1252 2078 1446 2129 decipiam

1298 2144 1420 2193 probe
1438 2160 1448 2192 ‚-

154 2253 217 2282 403
242 2254 309 2275 non
326 2254 390 2283 ego
407 2254 479 2275 sum
501 2243 601 2275 Weise
732 2258 796 2286 404
815 2247 879 2278 huc
892 2247 968 2279 add.
989 2247 1129 2287 Pylades
1240 2259 1304 2288 405
1330 2259 1446 2279 nonne

111 2296 165 2318 me
181 2287 245 2319 cod.
264 2299 270 2319 t
296 2287 348 2318 vel
361 2298 428 2318 non
445 2289 521 2319 med
641 2290 706 2328 406
724 2290 787 2320 isto
807 2291 874 2329 (sto
893 2291 966 2331 DE,
985 2292 1037 2322 hic
1054 2291 1113 2331 3³)
1129 2291 1195 2324 cod.
1298 2302 1359 2331 407
1384 2292 1441 2323 del.

111 2330 211 2361 homo
224 2330 361 2362 Guietus
449 2333 513 2371 408
538 2333 581 2362 mi
605 2332 680 2364 add.
701 2333 839 2372 Pylades
927 2346 992 2374 409
1017 2340 1051 2365 ut
1069 2335 1133 2366 cod.
1156 2336 1228 2375 (aut
1245 2336 1288 2371 Β)
1383 2346 1443 2375 417

110 2375 161 2404 vel
175 2375 219 2405 illi
335 2376 399 2413 418
423 2374 548 2418 (doni)
565 2387 584 2406 a
605 2376 728 2417 Ussing
810 2379 925 2408 datum
944 2384 996 2408 est
1013 2378 1079 2409 cod.
1103 2380 1153 2418 (ts
1174 2381 1249 2419 260,
1270 2382 1344 2418 261,
1365 2381 1442 2419 364)

110 2427 176 2456 420
189 2418 269 2456 fort.
290 2419 465 2450 elocutust.
485 2430 524 2450 ea
551 2420 607 2450 ubi
712 2426 764 2451 est
781 2421 857 2452 add.
881 2421 995 2453 Donsa
