1727 2712
739 86 969 125 CAPTIVI
1443 88 1520 126 III.
1539 88 1588 125 iv

190 198 266 235 AR.
300 195 444 246 Hegio,
461 195 553 234 uide
573 196 625 234 sis
646 209 695 235 ne
715 195 813 246 quid
832 202 874 234 tu
894 195 988 234 huic
1008 202 1155 236 temere
1175 195 1330 236 insistas
1351 199 1520 237 credere.

103 269 167 314 585
189 271 317 312 atque,
341 269 383 300 ut
403 261 608 313 perspicio,
631 263 809 312 profecto
830 261 906 300 iam
928 262 1078 312 aliquid
1099 276 1253 313 pugnae
1276 261 1455 315 [e]dedit.

188 327 312 366 filium
352 335 462 366 tuom
493 327 603 378 qudd
642 326 834 367 redimere
867 340 910 366 se
947 327 1012 375 ait,
1049 327 1090 367 id
1129 341 1179 367 ne
1213 328 1391 378 utiquam
1427 328 1523 367 mihi

1380 396 1519 444 placet.

187 459 260 496 Tv.
292 458 374 497 scio
408 466 446 497 te
479 458 520 497 id
551 459 656 498 nolle
690 457 771 497 fieri
786 472 797 505 3
839 458 1017 497 ecficiam
1052 465 1185 498 tamen
1219 472 1292 509 ego
1326 458 1378 506 id,
1415 459 1446 498 si
1481 460 1521 498 di
1540 474 1558 506 5
1567 476 1583 506 5

1319 524 1520 563 adiuuant.

188 588 298 626 illum
319 587 520 627 restituam
542 588 644 636 huic,
668 588 732 627 hic
752 595 885 627 autem
906 587 946 626 in
968 587 1128 627 Alidem
1150 601 1213 627 me
1234 602 1324 628 meo
1345 589 1454 640 patri.

188 661 394 705 propterea
433 655 485 693 ad
524 662 675 705 patrem
716 653 809 692 hinc
851 653 964 692 amisi
1007 655 1248 703 Tyndarum.
1309 657 1385 693 AR.
1428 655 1523 705 quin

1303 727 1386 759 tute
1407 720 1438 758 is
1460 734 1524 759 es:

103 796 170 833 590
189 798 318 835 neque
339 792 490 835 praeter
509 792 548 823 te
568 784 608 822 in
629 784 747 823 Alide
767 785 869 822 ullus
890 797 1024 823 seruos
1045 784 1144 823 istoc
1165 784 1374 823 nominest.

188 853 260 888 Tv.
293 850 428 901 pergin
455 863 611 889 seruom
642 863 706 888 me
732 850 966 900 exprobrare
990 862 1089 898 esse,
1116 849 1156 888 id
1186 851 1294 900 quod
1323 852 1363 888 ui
1392 851 1524 890 hostili

1353 917 1493 967 optigit
1507 919 1523 955 ?

187 984 264 1020 AR.
300 981 406 1020 enim
444 981 522 1020 iarn
561 994 719 1032 nequeo
751 981 956 1020 contineri.
1014 983 1087 1020 ΤΥ.
1124 983 1233 1029 heus,
1269 981 1390 1020 audin
1425 983 1521 1032 quid
1543 989 1584 1021 60

1166 1047 1248 1085 ait?
1277 1047 1373 1097 quin
1394 1048 1523 1097 fugis?

187 1112 263 1151 iarn
285 1112 363 1150 illic
383 1112 447 1150 hic
468 1125 540 1151 nos
561 1111 770 1151 insectabit
790 1111 998 1162 lapidibus,
1021 1112 1095 1150 nisi
1117 1112 1236 1150 illunc
1257 1112 1369 1150 iubes

187 1177 482 1228 comprehendi.
540 1180 618 1216 AR.
659 1178 820 1216 crucior.
881 1179 953 1215 ΤΥ.
994 1178 1133 1216 ardent
1164 1177 1291 1216 oculi:
1333 1178 1375 1215 fit
1409 1191 1523 1228 opus,

1366 1243 1498 1293 Hegio
1513 1258 1524 1291 3

100 1318 163 1354 595
187 1308 307 1347 uiden
328 1316 370 1347 tu
391 1307 444 1346 illi
467 1308 653 1347 maculari
675 1321 817 1358 corpus
838 1316 965 1347 totum
987 1308 1151 1346 maculis
1172 1308 1337 1346 luridis?

184 1381 267 1412 atra
287 1374 374 1412 bilis
391 1373 509 1424 agitat
529 1373 744 1412 hominem.
795 1376 873 1412 AR.
904 1382 943 1412 at
959 1375 1025 1424 pol
1046 1382 1094 1420 te,
1114 1373 1145 1412 si
1166 1373 1230 1412 hic
1247 1373 1370 1424 sapiat
1387 1387 1516 1421 senex,

185 1438 249 1489 pix
268 1446 351 1477 atra
369 1438 488 1488 agitet
507 1440 614 1489 apud
635 1439 873 1477 carnuficem
895 1446 1044 1489 tuoque
1065 1438 1183 1488 capiti
1204 1438 1385 1477 inluceat.
1538 1444 1580 1485 65

185 1506 258 1542 ΤΥ.
290 1504 367 1542 iam
388 1504 646 1543 deliramenta
666 1504 849 1554 loquitur,
872 1506 1003 1543 laruae
1024 1504 1225 1542 stimulant
1247 1504 1385 1551 uirum,

183 1568 361 1622 (Hegio).
423 1571 505 1608 HE.
536 1571 633 1620 quid
663 1569 695 1608 si
725 1571 832 1608 hunc
861 1569 1147 1620 comprehendi
1178 1569 1388 1608 iusserim?
1444 1572 1518 1608 Tv.

1235 1634 1362 1684 sapias
1384 1635 1517 1686 magis.

96 1702 167 1737 600
184 1702 261 1739 AR.
293 1700 444 1740 crucior
464 1700 637 1751 lapidem
658 1713 740 1739 non
761 1701 906 1739 habere
927 1699 1001 1747 me',
1025 1708 1067 1738 ut
1087 1699 1141 1738 illi
1163 1699 1365 1750 mastigiae

183 1767 386 1804 cerebrum
408 1766 614 1813 excutiam,
637 1765 705 1816 qui
725 1779 789 1804 me
809 1765 992 1804 insanum
1013 1765 1143 1804 uerbis
1164 1765 1377 1804 concinnat
1397 1765 1486 1805 suis.

183 1832 256 1869 ΤΥ.
287 1832 408 1870 audin
430 1831 600 1882 lapidem
623 1831 869 1882 quaeritare?
925 1833 1002 1869 AR.
1034 1832 1141 1869 solus
1162 1839 1199 1869 te
1221 1832 1347 1869 solum
1370 1833 1473 1878 uolo,
1538 1847 1579 1881 70

185 1897 327 1947 Hegio,
388 1898 468 1936 HE.
500 1897 615 1936 istinc
653 1899 824 1947 loquere,
865 1896 896 1935 si
935 1896 1032 1947 quid
1071 1896 1144 1944 uis,
1178 1898 1325 1947 procul.
1384 1905 1516 1935 tamen

1344 1962 1514 2001 audiam.

184 2028 257 2065 Tv.
290 2041 462 2078 namque
482 2030 625 2079 edepol
647 2028 677 2067 si
698 2029 852 2068 adbites
872 2028 1045 2079 propius,
1069 2041 1114 2067 os
1135 2027 1341 2066 denasabit
1364 2027 1434 2065 tibi

97 2095 162 2138 605
185 2092 394 2131 mordicus.
453 2095 529 2131 AR.
562 2107 691 2143 neque
712 2095 778 2144 pol
799 2107 862 2132 me
882 2094 1080 2141 insanum,
1098 2092 1240 2143 Hegio,
1261 2105 1346 2130 csse
1362 2092 1517 2131 creduis

228 2197 291 2236 585
325 2198 418 2228 dedit
450 2197 640 2238 Scioppius:
675 2199 780 2229 edidit
813 2198 878 2230 cod.
1040 2208 1105 2238 592
1142 2198 1231 2228 enim
1265 2197 1390 2228 Bothe:
1426 2198 1515 2228 enim

186 2241 303 2282 [uero]
321 2241 386 2272 cod.
408 2242 463 2281 (iv,
488 2242 517 2272 1‘]
540 2242 590 2280 (cf
610 2241 708 2272 Stich.
735 2243 800 2272 616
823 2243 911 2273 enim
928 2242 969 2279 P,
992 2243 1080 2273 enim
1100 2252 1180 2272 uero
1198 2241 1247 2279 A)
1382 2251 1445 2280 595
1469 2241 1520 2271 vel

183 2284 250 2314 illic
400 2294 462 2325 597
489 2286 547 2324 pix
571 2290 643 2315 atra
668 2285 892 2325 Lindemann,
906 2286 1040 2326 favente
1056 2290 1086 2316 et
1112 2289 1213 2315 melro
1230 2288 1259 2315 el
1274 2285 1514 2316 allitteratzbue:

183 2333 256 2358 atra
277 2329 333 2367 pix
350 2328 415 2359 cod.
508 2334 566 2359 tuo
586 2339 673 2367 quae
691 2330 735 2369 (ΖΝ
748 2329 814 2360 Leo
946 2340 1010 2369 599
1036 2329 1159 2367 Hegio.
1190 2329 1255 2359 HE.
1285 2329 1363 2368 quid
1382 2329 1514 2369 scripsi:

185 2371 250 2403 HE.
280 2372 408 2403 Hercle
425 2374 504 2413 quid
523 2372 603 2402 pm)
622 2373 765 2408 (Hercle
781 2378 842 2414 pro
858 2374 973 2413 heg.):
1002 2373 1067 2403 HE.
1096 2373 1184 2412 Quid
1203 2372 1247 2402 ΒΖ
1265 2373 1324 2410 (iii.
1346 2374 1381 2413 2)
