1727 2702
141 93 171 132 1.
192 92 221 130 ii
610 93 655 131 T.
690 92 869 133 MACCI
901 92 1104 131 PLAVTI

300 203 558 253 perlecebrae,
581 201 788 252 permities‚
811 203 1111 242 adulescentum
1132 201 1303 241 exitium.

247 280 337 306 nam
360 281 465 306 mare
486 267 593 306 haud
613 274 671 306 est
693 280 810 314 mare,
829 280 900 306 uos
922 280 1027 305 mare
1047 280 1294 306 acerrumum
1309 280 1321 315 ;

248 346 339 371 nam
361 332 399 370 in
423 331 518 370 mari
538 331 702 382 repperi,
725 332 788 371 hic
809 331 908 371 elaui
932 331 1056 370 bonis.
1541 335 1605 376 135

133 411 178 440 ιο
248 397 396 449 ingrata
415 405 533 448 atque
554 396 669 435 inrita
689 411 773 436 esse
794 397 928 435 omnia
950 396 1134 447 intellego

247 477 349 513 quae
369 462 461 502 dedi
483 469 520 501 et
541 463 651 512 quod
672 462 773 501 bene
794 462 879 509 feci,
902 470 940 500 at
962 463 1126 512 posthac
1148 461 1217 501 tibi

194 530 295 567 male
315 528 424 578 quod
445 534 582 578 potero
603 528 730 566 facere
750 526 902 573 faciam,
927 526 1144 576 meritoque
1165 527 1205 566 id
1226 526 1364 565 faciam
1387 534 1465 566 tuo.

193 607 267 644 ego
284 595 347 644 pol
365 601 402 632 te
419 592 590 643 redigam
608 593 750 631 eodem
767 593 873 631 unde
890 599 974 630 orta
990 606 1040 638 es,
1057 593 1107 630 ad
1123 592 1305 642 egestatis
1322 592 1520 636 terminos.

194 673 267 709 ego
287 660 428 709 edepol
451 667 488 698 te
509 658 648 698 faciam
671 666 712 697 ut
733 672 834 709 quae
855 658 905 696 sis
927 672 1032 696 nunc
1053 666 1090 697 et
1111 671 1212 708 quae
1233 658 1350 697 fueris
1370 658 1479 697 scias.
1544 671 1609 706 140

138 740 174 772 ¹5
194 738 295 775 quae
317 724 412 775 priu’
433 738 552 775 quam
574 723 687 763 istam
708 723 787 763 adii
811 732 929 774 atque
950 737 1087 762 amans
1103 737 1176 774 ego
1192 723 1368 762 animum
1390 736 1521 762 meum

1335 788 1396 827 isti
1417 788 1521 836 dedi,

195 856 356 895 sordido
377 855 498 895 uitam
519 856 747 895 oblectabas
769 869 870 906 pane
892 856 929 894 in
952 855 1092 906 pannis
1113 855 1256 905 inopia,

195 930 313 971 atque
334 934 379 960 ea
400 921 429 959 si
452 929 572 967 erant,
597 935 756 972 magnas
778 922 953 961 habebas
974 921 1161 960 omnibus
1182 921 1242 960 dis
1262 920 1427 971 gratias:

196 987 335 1025 eadem
358 1000 474 1034 nunc,
498 1000 619 1036 quom
647 994 704 1025 est
727 986 877 1034 melius,
900 1000 964 1025 me
984 977 1126 1036 quoius
1153 999 1273 1037 opera
1292 994 1350 1024 est
1371 985 1524 1036 ignoras

1410 1052 1521 1089 mala.

197 1118 359 1156 reddam
383 1130 455 1167 ego
477 1125 513 1155 te
534 1131 579 1155 ex
602 1118 680 1155 fera
701 1119 802 1157 fame
825 1125 1083 1164 mansuetem,
1107 1131 1169 1156 me
1191 1124 1325 1168 specta
1346 1117 1478 1155 modo.
1548 1126 1610 1163 145

139 1197 179 1220 20
199 1196 289 1220 nam
321 1182 381 1220 isti
412 1181 507 1232 quid
537 1195 787 1221 suscenseam
819 1182 922 1233 ipsi?
960 1182 1055 1220 nihil
1086 1189 1154 1228 est,
1187 1181 1283 1220 nihil
1314 1181 1524 1232 quicquam

1382 1254 1503 1285 meret
1519 1261 1528 1293 ;

198 1319 266 1351 tuo
288 1311 378 1350 facit
400 1311 517 1357 iussu,
543 1320 610 1350 tuo
632 1311 796 1362 imperio
818 1320 924 1362 paret
942 1327 948 1350 :
981 1319 1103 1350 mater
1124 1319 1176 1358 tu,
1200 1313 1338 1351 eadem
1361 1325 1425 1350 era
1445 1325 1497 1350 es.

198 1376 234 1415 te
269 1391 342 1427 ego
376 1377 550 1423 ulciscar,
588 1377 625 1415 te
659 1390 732 1427 ego
767 1384 808 1415 ut
842 1377 961 1427 digna
991 1390 1032 1416 es
1067 1378 1229 1427 perdam
1258 1384 1376 1427 atque
1406 1384 1447 1415 ut
1476 1377 1526 1416 de

1296 1455 1357 1480 rne
1389 1455 1524 1480 meres.

195 1514 235 1546 at
251 1508 415 1546 scelesta
431 1507 551 1547 uiden
573 1514 614 1546 ut
637 1522 685 1546 ne
703 1507 740 1546 id
758 1506 931 1557 quidem,
951 1520 1014 1546 me
1030 1507 1193 1557 dignum
1215 1521 1299 1546 esse
1320 1507 1526 1545 existumat

196 1575 315 1623 quem
335 1574 462 1619 adeat,
485 1586 603 1622 quem
625 1574 886 1622 conloquatur
906 1572 1081 1623 quoique
1103 1572 1200 1611 irato
1221 1571 1443 1622 supplicet?
1551 1585 1614 1621 150

139 1654 176 1685 ²5
195 1645 315 1687 atque
335 1651 468 1676 eccam
491 1637 689 1676 inlecebra
709 1637 784 1676 exit
806 1639 993 1685 tandem3
1023 1637 1163 1687 opinor
1188 1637 1250 1675 hic
1271 1645 1361 1675 ante
1382 1637 1526 1676 ostium

198 1717 287 1743 meo
315 1704 436 1742 modo
463 1704 600 1754 loquar
627 1717 727 1753 quae
755 1704 900 1750 uolam,
923 1702 1113 1753 quoniam
1140 1702 1244 1741 intus
1272 1715 1352 1741 non
1377 1701 1526 1741 licitum

1339 1775 1398 1806 est
1420 1766 1525 1806 mihi.

131 1842 175 1880 iii
467 1841 770 1880 CLEARETA
883 1842 1249 1879 ARGleppvs

198 1917 266 1956 C1„
292 1917 424 1954 Vnum
440 1917 628 1967 quodque
646 1916 807 1956 istorum
823 1917 988 1956 uerbum
1007 1915 1178 1954 nummis
1196 1913 1386 1965 Philippis
1401 1913 1527 1953 aureis

198 1995 276 2020 non
300 1989 427 2032 potest
447 1983 597 2020 auferre
619 1982 710 2021 hinc
730 1996 753 2020 a
775 1996 837 2021 me
858 1981 888 2020 si
910 1981 997 2032 quis
1018 1988 1172 2031 emptor
1192 1978 1342 2018 uenerit
1359 1994 1367 2026 3

199 2060 270 2085 nec
305 2054 409 2085 recte
447 2060 548 2096 quae
584 2055 624 2085 tu
660 2047 698 2085 in
739 2060 810 2085 nos
845 2045 954 2094 dicis,
991 2059 1128 2084 aurum
1167 2053 1286 2095 atque
1324 2052 1527 2095 argentum
1552 2052 1611 2090 155

1313 2117 1500 2149 merumst
1521 2124 1528 2147 ε

201 2177 297 2215 fixus
319 2176 382 2214 hic
403 2178 508 2227 apud
531 2177 603 2215 nos
625 2185 681 2215 est
702 2177 856 2215 animus
878 2178 958 2215 tuo'
978 2177 1092 2215 clauo
1113 2174 1332 2226 Cupidinis.

250 2292 302 2320 141
325 2282 435 2312 dedidi
452 2280 658 2315 Lachmann„
676 2292 714 2310 m
730 2282 771 2311 sil
785 2282 897 2312 hiatus
914 2291 1022 2311 meum
1043 2279 1048 2321 Ι
1070 2280 1121 2311 isti
1140 2292 1146 2310 ε
1163 2279 1222 2311 alii
1236 2283 1455 2320 transponunt
1463 2289 1528 2319 ego

206 2335 263 2364 145
291 2330 499 2356 mansuetem
525 2329 662 2354 testatur
682 2324 811 2354 Nonius
835 2325 921 2363 483:
947 2329 1156 2354 inansuctam
1182 2322 1245 2354 cod.
1398 2325 1457 2362 146
1481 2323 1530 2354 vel

203 2370 275 2400 istic
364 2369 453 2407 quod
472 2368 642 2398 Acr‘dalr'us
789 2378 842 2407 151
872 2368 956 2398 velt.
977 2368 1096 2407 opino;
1121 2367 1176 2398 hic
1329 2377 1386 2406 152
1412 2368 1528 2406 loquar

203 2414 302 2444 modo
324 2411 434 2450 ll'ce'se‚
455 2412 637 2449 Fleckeisen,
658 2422 739 2441 nam
759 2410 876 2450 loquar
893 2415 1077 2451 suspectum
