1727 2702
176 519 217 541 20

175 1168 214 1198 30

174 1493 212 1524 35

171 1657 216 1695 iii

195 2014 212 2045 5

211 132 271 171 ,ii
654 131 700 168 T.
734 131 914 171 MACCI
947 130 1150 169 PLAVTI

239 258 324 284 eam
348 244 582 284 seditionem
605 243 657 282 illi
680 243 718 282 in
740 243 993 294 tranquillum
1015 245 1201 283 conseret.

240 321 345 345 nunc
365 308 416 346 de
437 309 658 345 Alcumena
678 307 831 346 dudum
852 320 932 357 quo
950 307 1030 347 dixi
1052 307 1193 356 minus,

239 373 358 412 hodie
380 372 443 410 illa
464 372 586 423 pariet
612 371 710 410 filios
731 371 910 422 geminos
930 373 1055 411 duos:

237 439 334 476 alter
354 438 524 476 decumo
546 445 633 487 post
655 450 791 476 mense
813 445 995 476 nascetur
1015 450 1111 487 puer

238 516 357 553 quam
379 500 652 553 seminatus<t>,
676 503 773 541 alter
794 515 930 540 mense
951 509 1133 552 septumo
1149 515 1160 550 ;

239 580 374 606 eorum
397 566 697 617 Amphitruonis
718 568 814 605 alter
835 573 903 613 est,
926 567 1023 604 alter
1046 565 1178 605 Iouis:

239 645 374 670 uerum
398 631 537 670 minori
559 645 681 682 puero
703 631 827 671 maior
847 639 905 670 est
926 639 1047 682 pater,

239 697 366 736 minor
388 696 534 735 maiori.
595 697 725 736 iamne
746 698 823 737 hoc
844 696 951 736 scitis
973 696 1068 746 quid
1089 695 1193 736 siet?

238 764 307 801 sed
332 762 563 801 Alcumenai
586 762 700 801 huius
722 761 883 801 honoris
903 762 1026 812 gratia

238 837 346 878 pater
366 827 516 866 curauit
538 841 618 866 uno
639 835 681 866 ut
701 828 781 866 fetu
804 828 924 874 fieret,

237 906 317 930 uno
339 900 379 930 ut
401 892 533 931 labore
554 894 733 942 apsoluat
752 905 960 931 aerumnas
982 891 1080 931 duas

237 966 273 996 et
296 972 344 996 ne
366 957 404 995 in
426 957 650 1008 suspicione
671 965 839 1008 ponatur
859 956 982 1007 stupri

236 1031 273 1061 et
295 1022 540 1062 clandestina
561 1030 602 1061 ut
623 1024 771 1062 celetur
791 1022 1009 1062 consuetio.

236 1101 490 1139 quamquam,
513 1097 555 1128 ut
576 1088 653 1127 iam
674 1089 827 1128 dudum
848 1087 940 1135 dixi,
963 1087 1145 1127 resciscet
1166 1094 1298 1127 tamen

238 1153 476 1203 Amphitruo
497 1167 578 1192 rem
600 1166 773 1192 omnem.
832 1152 928 1204 quid
949 1152 1094 1203 igitur?
1122 1166 1241 1191 nemo
1262 1151 1302 1191 id
1323 1151 1467 1202 probro

236 1221 412 1269 profecto
433 1220 551 1258 ducet
574 1220 817 1258 Alcumenae
832 1233 842 1266 3
870 1232 962 1257 nam
983 1219 1103 1257 deum

236 1297 315 1322 non
338 1298 405 1334 par
425 1284 582 1324 uidetur
602 1286 740 1331 facere,
762 1284 951 1324 delictum
973 1297 1085 1322 suom

235 1363 426 1400 suamque
448 1357 489 1388 ut
509 1350 667 1400 culpam
688 1356 869 1400 expetere
890 1348 929 1387 in
951 1349 1155 1387 mortalem
1177 1354 1219 1386 ut
1239 1347 1351 1386 sinat.

234 1414 452 1453 orationem
473 1413 733 1465 comprimam
751 1430 757 1453 :
788 1413 938 1464 crepuit
959 1413 1061 1452 foris.

235 1479 474 1529 Amphitruo
495 1479 717 1519 subditiuos
739 1492 876 1518 eccum
898 1478 975 1517 exit
996 1479 1097 1517 foras

234 1558 325 1583 cum
353 1544 357 1595 Ι
384 1546 782 1583 Alcumena-uxore
804 1542 985 1582 usuraria.

329 1656 602 1694 IVPPITER
714 1656 1027 1693 ALCVMENA
1138 1654 1475 1692 MERCVRle

237 1739 294 1776 lv.
330 1739 437 1776 Bene
459 1739 556 1785 uale,
577 1739 807 1783 Alcumena,
826 1749 918 1775 cura
934 1750 1015 1776 rem
1033 1749 1299 1783 communem,
1319 1737 1427 1787 quod
1444 1735 1538 1775 facis
1554 1750 1563 1783 ;

232 1811 350 1853 atquc
373 1803 543 1853 impcrce
564 1815 735 1852 quaeso:
767 1815 922 1841 menses
944 1801 1020 1840 iam
1043 1801 1113 1841 tibi
1134 1815 1220 1841 esse
1240 1809 1348 1840 actos
1369 1801 1492 1841 uides.

233 1869 326 1906 mihi
349 1882 510 1907 necesse
531 1875 589 1907 est
609 1868 662 1907 ire
683 1867 775 1906 hinc
792 1883 802 1916 ;
831 1882 968 1907 uerum
989 1869 1099 1918 quod
1119 1867 1190 1907 erit
1211 1875 1346 1906 natum
1369 1867 1506 1906 tollito.

234 1937 304 1972 AL.
330 1934 438 1983 Quid
459 1933 558 1972 istuc
579 1941 648 1979 est,
669 1933 720 1972 mi
744 1934 812 1980 uir,
833 1933 964 1983 negoti
983 1934 1092 1984 quod
1115 1940 1156 1972 tu
1177 1940 1256 1971 tam
1278 1932 1409 1971 subito
1429 1933 1552 1972 domo

231 2001 381 2039 abeas?
460 1999 518 2037 1v.
555 1999 697 2048 edepol
733 1999 809 2037 hau
844 2000 953 2049 quod
988 1998 1044 2037 tui
1081 2011 1143 2038 me
1177 2011 1307 2048 neque
1340 1997 1450 2038 domi
1488 1997 1563 2037 dis-

1384 2063 1563 2110 taedeat;

233 2131 302 2169 sed
324 2129 388 2169 ubi
413 2142 590 2168 summus
613 2129 823 2180 imperator
843 2141 923 2168 non
944 2129 1056 2168 adest
1076 2129 1127 2168 ad
1148 2127 1372 2175 exercitum,

276 2245 339 2274 479
359 2236 447 2275 quod
465 2236 530 2266 cod.
635 2235 699 2274 488
724 2244 791 2265 uno
808 2233 830 2265 l.
847 2233 1001 2264 absoluet
1016 2232 1123 2271 Goetz,
1141 2232 1268 2265 Schoel!
1285 2232 1337 2272 (cs.
1358 2231 1490 2264 Nom'us
1502 2233 1560 2272 57)

233 2281 296 2318 489
324 2279 366 2309 Ut
387 2280 494 2317 Gon-tt,
516 2278 641 2310 Sclrocll
744 2288 808 2318 490
831 2278 1006 2308 consuetio
1023 2277 1195 2318 Scioppius
1218 2286 1257 2307 ex
1284 2275 1382 2306 Paul.
1412 2276 1494 2307 Fest.
1518 2277 1559 2306 61

236 2325 490 2353 ‘ronsuclionem
535 2322 678 2353 Plautus
714 2327 777 2362 pm
810 2320 1038 2352 consuetudine
1069 2320 1151 2351 dixit
1163 2322 1193 2351 ':
1234 2321 1443 2351 consuetudo
1470 2319 1559 2351 codd.

233 2366 360 2397 Donati
377 2366 514 2405 Adelph.
537 2378 567 2405 4.
584 2375 613 2405 5.
634 2375 675 2406 32
693 2376 699 2395 ε
723 2365 872 2405 suspicio
891 2364 956 2395 cod.
980 2365 1026 2404 (v,
1046 2374 1078 2403 p.
1096 2364 1155 2402 80)
1271 2373 1336 2403 495
1359 2373 1420 2394 sua
1436 2363 1463 2393 si
1481 2363 1561 2403 quid

234 2409 330 2449 culpa
350 2409 437 2440 codd.
454 2410 561 2441 Nonii
574 2419 633 2447 301
737 2410 801 2448 498
826 2407 935 2450 (una)
954 2418 1008 2438 ux.
1030 2406 1151 2439 Pradel
1217 2416 1282 2446 500
1305 2412 1405 2447 atquc
1424 2406 1561 2447 inperce

237 2452 446 2484 Camerarius
464 2466 470 2484 ε
494 2458 528 2484 at
546 2454 624 2492 quin
644 2462 748 2493 perge
765 2451 829 2484 cod.

1585 704 1652 750 485

1585 1033 1657 1069 49ο

1583 1361 1651 1398 495

1583 1815 1652 1852 500
