1727 2712
614 147 943 185 AVLVLARIA
1411 149 1464 186 ΙΙ.
1486 148 1533 185 ix

129 272 153 298 a
173 258 410 310 Congrione.
469 266 511 298 tu
532 258 650 298 istum
669 259 827 309 gallum,
850 257 882 296 si
903 257 1019 308 sapis,

128 324 363 375 glabriorem
384 325 526 363 reddes
547 324 642 363 mihi
663 337 783 374 quam
804 324 939 361 uolsus
959 322 1118 362 ludiust.
1485 339 1503 370 5

130 391 200 429 sed
224 389 320 440 quid
341 391 418 428 hoc
438 389 620 428 clamoris
641 389 762 428 oritur
781 387 874 426 hinc
895 401 942 427 ex
961 389 1184 438 proxumo?

129 454 249 505 coqui
269 455 410 502 hercle,
434 456 565 502 credo,
588 454 736 493 faciunt
756 453 930 492 officium
952 467 1077 492 suom.

41 526 108 565 405
129 519 275 570 fugiam
296 519 409 568 intro,
432 532 482 558 ne
502 519 599 570 quid
619 519 684 558 hic
704 518 842 558 itidem
862 517 1001 557 turbae
1021 520 1113 558 fuat.

610 722 847 770 ACTVS
899 722 979 769 III

664 822 929 861 CONGRIO
1485 823 1595 860 III.i

129 910 202 949 Co.
245 910 405 949 Attatae
427 912 434 948 1
472 909 590 957 ciues,
632 910 853 960 populares,
886 909 1050 957 incolae,
1082 911 1252 958 accolae,
1284 912 1464 950 aduenae

1311 989 1461 1025 omnes,

128 1041 221 1079 date
241 1039 347 1079 uiam
368 1052 446 1090 qua
466 1041 599 1090 sugere
619 1039 745 1087 liceat,
768 1039 885 1078 facite
905 1046 1011 1077 totae
1032 1041 1185 1090 plateae
1205 1049 1375 1091 pateant.

129 1118 260 1156 neque
275 1118 349 1156 ego
364 1118 554 1156 umquam
575 1104 649 1143 nisi
670 1104 791 1144 hodie
806 1106 857 1144 ad
879 1106 1057 1144 Bacchas
1073 1105 1165 1144 ueni
1186 1106 1225 1144 in
1247 1107 1464 1146 bacchanal

1192 1172 1462 1221 coquinatum,

129 1236 182 1275 ita
196 1249 260 1275 me
273 1236 459 1275 miserum
476 1243 513 1274 et
530 1248 641 1274 meos
656 1235 872 1286 discipulos
885 1235 1053 1274 fustibus
1067 1238 1169 1274 male
1185 1239 1461 1276 contuderunt.

42 1313 113 1348 410
130 1309 236 1340 totus
270 1302 389 1340 doleo
421 1309 542 1352 atque
574 1301 725 1352 oppido
757 1300 866 1351 perii,
897 1300 950 1340 ita
983 1314 1047 1340 me
1076 1301 1149 1340 iste
1179 1302 1316 1340 habuit
1346 1316 1465 1342 senex
1486 1318 1502 1348 5

1193 1367 1439 1417 gymnasium
1453 1383 1464 1417 3

238 1440 346 1481 attat,
369 1431 464 1483 perii
486 1433 617 1471 hercle
637 1445 711 1482 ego
731 1431 858 1479 miser,

21 1500 111 1539 411⁸
237 1497 362 1548 aperit
384 1498 612 1545 bacchanal,
635 1498 758 1544 adest,

238 1563 424 1613 sequitur.
483 1562 566 1601 scio
586 1576 706 1613 quarn
727 1575 809 1601 rem
829 1575 961 1613 geram
979 1578 985 1602 :
1015 1564 1092 1602 hoc

21 1631 111 1670 412⁸
328 1628 444 1679 'ipsu'
463 1628 646 1680 magister
666 1641 730 1667 me
750 1627 895 1667 docuit.

184 1706 314 1744 neque
334 1694 438 1744 ligna
458 1707 531 1744 ego
552 1707 718 1744 usquam
739 1693 917 1744 gentium
938 1693 1114 1744 praeberi
1136 1693 1218 1733 uidi
1239 1694 1451 1744 pulchrius,
1486 1709 1525 1731 10

184 1758 316 1809 itaque
336 1758 466 1797 omnis
486 1758 612 1809 exegit
632 1760 745 1805 foras,
768 1773 832 1797 me
851 1767 970 1809 atque
990 1760 1078 1807 hos,
1097 1767 1261 1798 onustos
1282 1760 1461 1799 fustibus.

516 1872 729 1908 EVCLIO
840 1870 1104 1909 CONGRIO
1480 1875 1511 1912 ii

45 1955 112 1993 4¹5
135 1953 231 1991 Evc.
266 1951 380 1991 Redi.
421 1952 502 2002 quo
523 1951 623 2001 fugis
644 1952 779 1989 nunc?
808 1958 909 1998 tene,
928 1958 1029 1990 tene.
1073 1952 1146 1991 Co.
1178 1952 1286 2002 quid,
1309 1953 1461 2001 stolide,

1291 2020 1436 2057 clamas
1450 2021 1468 2058 ?

136 2085 232 2122 Evc.
265 2083 359 2134 quia
379 2084 430 2121 ad
452 2082 626 2121 trisuiros
648 2081 724 2120 iam
747 2095 820 2131 ego
841 2082 1015 2120 deferam
1038 2095 1186 2121 nomen
1207 2090 1328 2121 tuom.
1389 2085 1461 2123 Co.

1140 2147 1259 2197 quam
1281 2148 1334 2186 ob
1354 2151 1466 2188 rem?

179 2262 242 2292 402
267 2252 466 2291 glabriorem
484 2250 571 2282 codd.
594 2249 697 2281 Nonii
717 2259 804 2289 530:
829 2251 1038 2289 glabrionem
1062 2250 1112 2281 vel
1133 2251 1175 2281 cl·
1201 2255 1265 2282 cod.
1292 2256 1326 2283 [n
1348 2256 1410 2291 pro
1434 2254 1462 2293 r)

134 2305 199 2335 405
223 2297 327 2327 redeo
344 2297 434 2326 intro
450 2305 493 2325 ne
511 2295 590 2334 quid
607 2294 659 2325 hic
677 2294 794 2325 turbae
819 2294 877 2324 fiat
893 2293 980 2324 codd.
1002 2294 1105 2324 Nonii
1123 2303 1185 2333 525
1203 2294 1280 2335 (qui
1292 2298 1299 2312 ‘
1314 2296 1443 2327 turbam
1457 2297 1464 2308 '

128 2344 193 2380 pro
208 2339 310 2370 turbis
325 2341 474 2379 testatur)
536 2339 654 2368 turbae
669 2338 703 2377 (i.
719 2348 742 2368 e.
760 2337 805 2368 -ai
816 2338 842 2378 2)
860 2338 915 2368 hic
932 2337 1048 2368 itidem
1067 2338 1124 2368 fiat
1134 2337 1199 2368 cod.
1216 2340 1259 2376 (v,
1278 2339 1311 2379 7)
1400 2342 1466 2378 406

133 2383 272 2414 Attatae
282 2383 418 2424 scrip3i:
442 2382 558 2422 optati
577 2381 641 2412 cod.
662 2382 723 2420 (iii,
737 2391 768 2420 p.
788 2382 844 2420 53)
915 2381 1010 2411 uiues
1028 2381 1094 2411 cod.
1118 2382 1223 2412 ¹ciues
1241 2382 1300 2424 ΡΙ)
1390 2394 1464 2423 413,

137 2437 196 2468 414
215 2430 291 2468 post
303 2437 333 2457 v.
354 2436 419 2468 410
429 2426 540 2468 posuit
561 2424 734 2457 Acidalius
860 2435 923 2464 414
939 2424 987 2454 Ita
1002 2424 1169 2456 Francken
