1727 2702
181 112 219 149 11

195 297 235 330 55

198 616 240 647 60

201 1342 241 1377 70

194 1828 240 1866 iii

257 111 285 147 ii
677 111 723 148 T.
758 110 938 151 MACCI
971 110 1174 149 PLAVTI

257 219 452 270 numquid
473 220 563 259 uis?
620 223 735 260 ΜΕΝ.
768 229 810 260 ut
830 235 895 260 eas
917 234 1140 260 maxumam
1162 221 1306 259 malam
1325 233 1495 260 crucem.

258 285 329 324 Cv.
362 284 415 324 ire
437 286 566 324 hercle
588 286 744 325 meliust
766 285 1014 325 te—interim
1034 293 1153 336 atque
1173 285 1422 334 accumbere,

255 349 351 388 dum
373 363 446 400 ego
467 351 565 389 haec
584 364 745 401 appono
765 352 816 390 ad
837 350 1004 390 Volcani
1025 349 1266 390 uiolentiam.
1607 358 1654 402 3,

256 412 323 452 ibo
343 413 445 454 intro
465 422 504 454 et
525 415 654 454 dicam
677 422 715 454 te
735 415 799 454 hic
819 423 945 454 astare
968 415 1117 463 Erotio,

258 486 300 516 ut
321 486 358 518 te
379 479 472 519 hinc
492 480 665 520 abducat
686 480 817 531 potius
837 494 956 532 quam
978 480 1043 520 hic
1062 488 1165 520 astes
1186 480 1344 520 foris.—

260 545 375 582 ΜΕΝ.
408 544 538 585 iamne
558 545 684 584 abiit?
711 544 852 598 (abiit).
910 547 1053 596 edepol
1074 547 1151 584 hau
1173 545 1379 585 mendacia
1682 591 1685 599 Ι

259 616 326 648 tua
346 611 468 650 uerba
488 610 665 662 experior
685 624 781 650 esse.
843 613 948 650 MES.
981 618 1192 661 opseruato
1212 611 1334 650 modo
1351 625 1358 650 :
1656 598 1685 655 ”,

259 688 350 713 nam
372 674 457 714 istic
479 675 722 715 meretricem
744 678 863 716 credo
883 675 1059 715 habitare
1080 675 1293 722 mulierem,
1611 683 1632 718 3
1651 667 1664 706 ἶ
1677 689 1687 732 ζ,

258 747 300 778 ut
321 740 483 790 quidem
504 741 568 780 ille
590 741 752 780 insanus
772 741 869 780 dixit
889 741 955 791 qui
977 740 1070 780 hinc
1089 739 1186 779 abiit
1207 741 1338 779 modo.

259 806 375 844 ΜΕΝ.
407 808 477 845 sed
499 806 617 846 miror
637 809 705 857 qui
726 807 790 846 ille
811 806 964 846 nouerit
985 819 1131 844 nornen
1153 818 1298 844 meum.

260 872 366 910 Mas.
417 871 579 911 minime
619 874 750 912 hercle
796 871 948 911 mirum.
1026 884 1176 911 morem
1219 871 1326 909 hunc
1371 869 1594 909 meretrices
1652 882 1659 887 ·

1421 935 1593 974 habent:

224 1018 235 1026 ·
257 1002 308 1041 ad
330 1005 485 1052 portum
508 1003 668 1042 mittunt
691 1005 877 1050 seruolos,
900 1001 1129 1050 ancillula83

258 1066 312 1106 sei
334 1081 412 1118 qua
432 1068 634 1119 peregrina
656 1068 768 1107 nauis
789 1068 828 1107 in
849 1075 1005 1119 portum
1027 1065 1199 1114 aduenit,
1612 1079 1646 1114 3
1670 1065 1675 1110 J

258 1132 425 1183 rogitant
446 1133 616 1184 quoiatis
637 1133 696 1182 sit,
721 1132 816 1184 quid
837 1132 872 1172 ei
893 1146 1039 1172 nomen
1059 1131 1142 1179 siet,
1686 1123 1689 1125 ⁵

259 1197 416 1248 postilla
435 1200 633 1250 extemplo
654 1212 696 1238 se
715 1197 926 1249 adplicant,
948 1196 1194 1248 adglutinant
1210 1211 1218 1234 z

260 1263 292 1302 si
312 1265 564 1314 pellexerunt,
588 1263 785 1315 perditum
806 1262 992 1302 amittunt
1012 1263 1190 1301 domum.

261 1341 367 1367 nunc
387 1327 427 1366 in
448 1327 547 1367 istoc
568 1335 683 1378 portu
705 1335 780 1367 stat
800 1327 912 1366 nauis
933 1325 1188 1378 praedatoria,

258 1407 329 1444 aps
350 1407 428 1444 qua
448 1395 672 1433 cauendum
694 1392 811 1432 nobis
829 1406 923 1432 sane
944 1405 1098 1431 censeo.
1612 1362 1679 1445 34ss
1697 1440 1698 1444 Ἰ

261 1459 378 1496 ΜΕΝ.
396 1471 534 1498 mones
554 1458 719 1509 quidem
739 1459 870 1497 hercle
886 1464 1000 1496 recte.
1057 1458 1162 1495 Mas.
1186 1463 1269 1495 tum
1287 1456 1448 1495 demum
1470 1454 1592 1494 sciam
1659 1455 1679 1507 ἶ

260 1531 364 1562 recte
386 1523 597 1572 monuisse,
620 1522 651 1562 si
673 1531 714 1562 tu
735 1530 839 1562 recte
859 1521 1019 1561 caueris.
1668 1521 1676 1536 ‘

261 1589 376 1627 ΜΕΝ.
409 1590 592 1628 tacedum
614 1602 833 1640 parumper,
857 1601 948 1626 narn
970 1585 1200 1638 concrepuit
1220 1585 1364 1626 ostium
1382 1601 1389 1624 :

221 1688 233 1697 ,
259 1653 465 1693 uideamus
485 1653 553 1704 qui
576 1653 669 1692 hinc
690 1653 897 1704 egreditur.
956 1654 1061 1691 MES.
1093 1653 1169 1692 hoc
1190 1665 1335 1704 ponam
1357 1650 1523 1690 interim.

258 1721 508 1759 adseruatote
529 1721 628 1760 haec
648 1719 770 1767 sultis,
793 1720 953 1758 nauales
973 1719 1106 1770 pedes.
1613 1707 1692 1769 350⁷

1666 1798 1682 1819 ,ἱ

290 1830 550 1868 EROTIVM
667 1831 1066 1868 MENAEcnmvs
1106 1828 1159 1866 ΙΙ
1271 1827 1566 1866 MESSENm

261 1913 335 1950 ER.
503 1912 595 1952 Sine
617 1914 718 1952 fores
740 1911 805 1959 sic,
829 1910 904 1960 abi,
928 1912 1021 1950 nolo
1041 1909 1193 1962 operiri.

421 1976 525 2016 intus
546 1992 651 2028 para,
672 1992 775 2026 cura,
798 1977 900 2024 uide,
923 1977 1032 2027 quod
1053 1983 1169 2027 opust
1191 1976 1279 2014 fiat:

315 2042 474 2082 sternite
495 2044 629 2090 lectos,
654 2041 855 2081 incendite
877 2042 1044 2089 odores;
1072 2039 1267 2079 munditia

306 2158 371 2187 330
394 2159 476 2187 crgo
500 2147 565 2179 cod.
595 2148 683 2185 (corr.
708 2147 757 2187 D>
870 2156 934 2186 333
958 2146 1038 2177 abiit
1064 2144 1141 2177 add.
1168 2145 1346 2176 Gruterus:
1372 2141 1484 2184 (illic)
1504 2142 1593 2173 Baclt

263 2201 326 2231 334
351 2193 511 2230 experior
534 2189 688 2231 Lipsius:
727 2191 876 2222 exterior
899 2189 964 2221 cod.
1098 2199 1162 2229 340
1185 2188 1244 2218 sed
1271 2186 1315 2227 (si
1337 2185 1405 2226 B²)
1429 2197 1494 2226 qua
1524 2185 1590 2216 cod.

262 2246 324 2274 34²
351 2234 486 2275 postille
513 2233 579 2265 cod.
611 2236 685 2274 (seq.
709 2235 745 2275 e)
871 2243 979 2272 343—5
1004 2232 1097 2263 initia
1113 2235 1238 2263 servata
1262 2230 1295 2261 A
1409 2240 1470 2269 3⁴4
1496 2230 1594 2260 nauis

264 2277 527 2316 ntrmofvllabum
556 2277 696 2318 d11<plicet
863 2282 996 2316 portust
1022 2275 1154 2316 Bcnthy
1178 2273 1252 2314 (sed
1269 2284 1301 2315 p.
1328 2279 1394 2305 stat
1419 2274 1517 2304 eliam
1541 2272 1593 2310 A)

261 2324 326 2361 3⁴6
350 2323 392 2361 56
408 2322 441 2352 in
459 2322 492 2351 A
521 2321 604 2351 m'lu'l
629 2324 765 2362 appare!
960 2330 1024 2359 349
1051 2319 1129 2350 hinc
1156 2317 1304 2350 creditur·
1324 2317 1389 2350 cod.
1415 2319 1508 2356 (corr.
1528 2315 1594 2350 13²)

261 2375 326 2404 350
349 2366 529 2396 adseruato
548 2366 650 2395 istaec
668 2364 756 2395 Bach
882 2363 910 2395 si
929 2363 1031 2394 uoltis
1046 2362 1111 2393 cod.
1240 2371 1303 2401 352
1327 2361 1407 2400 quid
1425 2369 1510 2400 opus
1527 2357 1591 2390 md.

266 2408 422 2439 Varronis
438 2414 477 2440 L.
500 2407 539 2439 L.
561 2418 590 2447 7,
612 2418 649 2438 12
740 2408 793 2438 vix
806 2406 864 2438 stat
882 2407 992 2448 (iamb.
1012 2407 1135 2446 senar.)
