1727 2712
627 153 976 192 AMPHITRVO
1406 154 1460 192 II.
1483 154 1513 191 ii

46 273 111 318 765
133 272 319 317 pateram.
377 266 460 303 AM.
493 276 620 311 mane,
662 276 788 310 mane,
824 275 990 313 opsecro
1024 269 1073 301 te.
1133 262 1240 301 nimi'
1278 262 1463 310 demiror,

1338 328 1464 377 Sosia,

131 396 199 445 qui
219 394 331 434 illaec
352 394 407 433 illi
428 408 492 434 me
512 396 704 434 donatum
724 407 811 433 esse
830 407 947 432 aurea
966 401 1100 445 patera
1120 393 1228 442 sciat,

132 460 206 499 nisi
226 467 267 498 tu
288 461 441 499 dudum
462 461 565 499 hanc
586 458 808 499 conuenisti
829 466 867 498 et
888 458 1092 497 narrauisti
1112 460 1212 498 haec
1231 458 1376 498 omnia.

131 526 196 564 So.
228 538 358 575 neque
374 526 517 575 edepol
533 538 606 574 ego
622 523 702 563 dixi
717 537 849 574 neque
864 523 979 562 istam
996 523 1079 563 uidi
1095 523 1171 563 nisi
1187 531 1316 563 tecum
1335 524 1462 563 simul.

131 593 213 630 AM.
249 590 346 640 quid
384 591 461 628 hoc
500 589 548 628 sit
587 589 790 628 hominis?
846 591 919 628 AL.
951 589 1020 628 uin
1059 589 1221 640 proferri
1259 592 1465 639 pateram?

1059 657 1142 693 AM.
1175 655 1336 706 proferri
1357 657 1461 694 uolo.

44 729 115 766 770
132 723 206 759 AL.
239 722 316 759 fiat.
364 719 411 772 (i)
432 728 484 767 tu,
507 721 708 768 Thessala,
731 720 835 759 intus
856 727 1030 770 pateram
1051 721 1223 771 proferto
1244 721 1357 767 foras,

132 798 211 835 qua
230 785 349 823 hodie
370 787 471 823 meu'
492 784 550 823 uir
570 785 734 823 donauit
756 798 828 824 me.
886 787 968 823 AM.
1001 786 1143 824 secede
1164 785 1242 823 huc
1263 792 1317 832 tu,
1339 784 1461 825 Sosia.

131 850 237 888 enim
258 863 352 888 uero
372 849 469 888 illud
490 858 641 900 praeter
661 850 736 888 alia
757 850 854 888 mira
875 849 993 888 miror
1013 863 1208 897 maxume,

131 915 163 953 si
183 917 281 954 haec
301 916 421 954 habet
448 923 622 966 pateram
650 915 766 954 illam.
828 917 892 954 So.
924 928 975 953 an
1000 915 1118 953 etiarn
1139 915 1265 954 credis
1290 915 1342 964 id,
1365 930 1467 967 quae

1120 981 1159 1018 in
1180 982 1255 1019 hac
1275 981 1468 1021 cistellula

131 1054 200 1084 tuo
238 1046 351 1096 signo
390 1046 597 1096 opsignata
639 1047 787 1085 fertur?
857 1049 939 1084 AM.
982 1048 1134 1085 saluom
1179 1046 1334 1097 signum
1380 1049 1468 1085 est?

1204 1113 1269 1150 So.
1303 1111 1463 1162 inspice.

46 1181 111 1218 775
133 1178 214 1214 AM.
247 1183 362 1223 recte,
386 1175 440 1214 ita
458 1183 518 1215 est
544 1183 587 1214 ut
613 1175 829 1227 opsignaui.
890 1178 954 1215 So.
987 1189 1147 1226 quaeso,
1169 1176 1266 1226 quin
1283 1183 1324 1214 tu
1340 1176 1466 1215 istanc

1354 1242 1466 1280 iubes

132 1319 203 1356 pro
223 1306 360 1345 cerrita
380 1306 651 1345 circumferri?
706 1309 788 1345 AM.
822 1306 964 1357 edepol
985 1306 1053 1357 qui
1074 1308 1178 1346 facto
1198 1314 1257 1346 est
1278 1321 1378 1358 opus
1394 1323 1404 1355 3

131 1385 223 1409 nam
263 1373 361 1410 haec
399 1372 562 1422 quidem
601 1373 745 1422 edepol
784 1373 978 1410 laruarum
1018 1374 1181 1422 plenast.
1256 1375 1329 1411 AL.
1371 1373 1468 1423 quid

1161 1438 1291 1477 uerbis
1322 1440 1469 1489 opust?

132 1515 195 1540 em
224 1502 296 1540 tibi
330 1510 516 1553 pateram,
548 1516 694 1542 eccam.
755 1505 837 1541 AM.
870 1504 972 1541 cedo
1001 1503 1065 1541 mi.
1126 1505 1199 1541 AL.
1231 1517 1303 1553 age
1337 1504 1469 1554 aspice

1109 1570 1187 1607 huc
1209 1569 1259 1607 sis
1281 1569 1467 1608 nunciam

133 1640 174 1671 tu
204 1633 271 1683 qui
298 1647 400 1683 quae
427 1635 529 1672 facta
555 1634 722 1672 infitiare
737 1649 747 1681 3
776 1647 895 1684 quern
923 1647 998 1684 ego
1027 1634 1103 1672 iarn
1136 1634 1200 1672 hic
1230 1634 1467 1672 conuincam

1324 1701 1464 1749 palam.

46 1767 116 1811 780
133 1771 244 1803 estne
264 1765 361 1803 haec
381 1773 515 1815 patera
535 1778 613 1815 qua
633 1766 814 1804 donatu's
839 1764 923 1802 illi?
969 1767 1053 1803 AM.
1086 1778 1240 1803 summe
1263 1765 1450 1815 Iuppiter,

132 1829 228 1879 quid
249 1843 322 1880 ego
343 1830 495 1868 uideo?
522 1831 622 1868 haec
642 1843 688 1868 ea
707 1837 766 1868 est
787 1830 966 1880 profecto'
985 1837 1128 1880 patera.
1188 1830 1296 1881 perii,
1319 1829 1440 1869 Sosia.

133 1896 197 1932 So.
228 1902 296 1932 aut
316 1896 383 1944 pol
404 1896 502 1933 haec
523 1894 805 1945 praestigiatrix
826 1894 966 1934 mulier
987 1896 1112 1933 multo
1134 1908 1317 1933 maxuma
1338 1902 1396 1933 est

132 1967 199 1998 aut
240 1967 415 2011 pateram
458 1960 521 2000 hic
560 1960 688 1999 inesse
727 1968 892 2011 oportet.
961 1963 1044 1999 AM.
1085 1962 1267 2011 agedum,
1309 1963 1469 1999 exsolue

1274 2026 1465 2065 cistulam.

133 2091 198 2129 So.
230 2090 326 2141 quid
346 2105 420 2142 ego
440 2091 554 2130 istam
576 2094 808 2131 exsoluam?
865 2092 1108 2144 opsignatast
1137 2100 1252 2138 recte,
1276 2105 1335 2130 res
1360 2099 1469 2141 gesta

1260 2165 1318 2195 est
1340 2157 1442 2195 bene
1460 2172 1466 2194 :

47 2223 90 2265 78
96 2230 113 2267 5
134 2228 175 2259 tu
188 2222 373 2272 peperisti
389 2223 722 2273 Amphitruonem
738 2222 905 2275 (alium),
921 2237 994 2274 ego
1010 2224 1130 2262 alium
1145 2223 1278 2274 peperi
1295 2222 1447 2261 Sosiam
1456 2237 1466 2270 3

178 2336 241 2366 770
266 2326 368 2357 iadd.
386 2327 482 2359 Ναὶς
517 2332 550 2357 at
572 2327 695 2358 Bothe:
720 2328 804 2358 heus
829 2327 1003 2358 Acidalz'us
1148 2337 1208 2366 773
1233 2332 1385 2366 pateram
1404 2327 1463 2357 del.

135 2369 220 2399 Brix
263 2371 382 2401 cistula
401 2370 538 2401 Guietus
627 2372 689 2410 782
712 2372 763 2401 vel
777 2371 882 2401 multo
894 2371 1015 2401 mulier
1035 2370 1142 2410 fBE1)
1235 2372 1297 2409 783
1325 2370 1467 2401 exsolue

136 2412 292 2446 Mueller:
313 2424 387 2445 eam
399 2415 494 2445 solue
506 2413 571 2446 cod.
585 2415 658 2459 (pro
670 2424 710 2446 ea
727 2416 775 2456 s.)
788 2414 834 2456 (A
846 2420 908 2455 pro
922 2415 969 2449 X)
1050 2415 1112 2454 785
1129 2414 1229 2445 alium
1241 2414 1315 2446 add.
1332 2414 1468 2445 Guielus

1487 277 1544 308 135

1484 735 1546 768 140

1488 1192 1547 1224 145

1489 1780 1549 1812 150

1488 2242 1547 2274 155
