1727 2702
88 115 164 154 111.
187 115 232 152 iv
611 114 656 152 T.
692 112 870 153 MACCI
903 112 1106 151 PLAVTI

130 241 170 272 30
190 233 228 263 et
251 224 411 275 quidem
436 226 649 263 Alci'imeus
669 231 787 274 atque
809 224 969 262 Orestes
990 230 1027 262 et
1051 224 1249 273 Lycurgus
1270 230 1407 274 postea

193 304 271 329 una
287 303 406 340 opera
423 289 516 327 mihi
534 296 623 327 sunt
640 289 794 328 sodales
811 302 890 338 qua
906 287 991 327 iste.
1040 290 1116 326 AR.
1148 296 1186 326 at
1203 287 1332 334 etiam,
1356 286 1521 334 furcifer,

194 354 424 405 maleloqui
447 353 499 392 mi
525 354 679 392 audes?
708 367 788 392 non
816 366 889 403 ego
916 361 953 392 te
974 352 1098 392 noui?
1157 354 1237 391 HE.
1270 353 1334 403 pol
1363 353 1523 402 planum

1210 416 1250 456 id
1270 416 1432 467 quidem
1453 424 1522 464 est,

194 499 273 524 non
296 485 465 532 nouisse,
488 484 555 534 qui
577 483 693 522 istum
714 485 887 535 appelles
908 484 1138 533 Tyndarum
1160 496 1230 533 pro
1252 482 1483 522 Philocrate.
1546 483 1610 528 565

193 564 312 600 quem
335 550 456 596 uides,
480 563 571 587 eum
593 549 770 598 ignoras:
802 549 908 587 illum
931 548 1112 587 nominas
1133 561 1251 598 quern
1274 561 1353 587 non
1375 546 1496 586 uides.

135 624 172 654 35
195 617 270 652 AR.
304 614 426 653 immo
453 614 525 652 iste
553 627 643 652 eum
671 627 756 652 sese
782 613 835 652 ait
859 612 924 664 qui
954 626 1034 652 non
1065 620 1123 651 est
1152 625 1237 651 esse
1267 619 1306 651 et
1336 611 1402 662 qui
1433 625 1528 650 uero

1319 683 1378 715 est
1399 683 1524 725 negat.

194 746 265 783 ΤΥ.
300 748 339 783 tri
361 745 466 784 enim
489 746 685 795 repertu's,
711 743 971 783 Philocratem
993 742 1059 793 qui
1081 755 1240 793 superes
1261 740 1494 780 ueriuerbio.

195 812 272 847 Λκ.
305 811 369 860 pol
391 823 464 859 ego
486 817 527 847 ut
549 823 628 847 rem
651 809 781 855 uideo,
805 816 844 847 tu
868 808 1076 856 inuentu's,
1097 821 1189 846 uera
1210 805 1442 846 uanitudine

194 875 260 926 qui
291 875 517 913 conuincas.
576 875 646 913 sed
671 888 819 924 quaeso
849 875 990 921 hercle,
1019 875 1188 924 agedum
1215 872 1347 923 aspice
1373 872 1424 910 ad
1451 884 1524 910 me.
1549 882 1616 919 570

974 940 1046 976 Τγ.
1080 952 1154 977 em.
1187 940 1264 976 AR.
1297 937 1360 976 dic
1382 937 1527 975 modo:

194 1005 302 1058 (tun)
330 1019 449 1056 negas
477 1013 514 1043 te
544 1006 774 1055 Tyndarum
805 1006 919 1043 esse?
975 1006 1048 1043 ΤΥ.
1080 1003 1196 1055 nego,
1217 1003 1390 1053 inquam.
1449 1003 1525 1039 AR.

1114 1070 1183 1106 trin
1205 1076 1242 1107 te
1266 1066 1526 1105 Philocratem

136 1149 179 1180 40
197 1150 282 1175 esse
302 1135 388 1174 ais?
443 1137 517 1173 Τγ.
550 1135 634 1185 ego,
658 1134 829 1185 inquam.
891 1136 967 1172 AR.
1001 1136 1094 1172 trine
1115 1133 1207 1172 huie
1231 1132 1387 1171 credis?
1445 1133 1524 1169 HE.

774 1202 860 1251 plus
881 1198 1043 1250 quidem
1064 1199 1183 1249 quiam
1205 1197 1275 1237 tibi
1294 1195 1525 1235 aut——mihi.

196 1281 286 1305 narn
319 1267 381 1305 ille
402 1266 576 1317 quidem,
599 1280 717 1316 quem
748 1273 789 1303 tu
814 1266 920 1303 hunc
951 1277 1146 1303 memoras
1169 1277 1266 1310 esse,
1289 1261 1408 1302 hodie
1435 1261 1527 1299 hinc

1252 1327 1348 1366 abiit
1369 1326 1527 1366 Alidem

196 1398 247 1437 ad
269 1405 417 1448 patrem
440 1396 579 1435 huiius.
641 1397 715 1434 AR.
749 1408 867 1445 quem
890 1402 1051 1446 patrem,
1067 1393 1133 1445 qui
1155 1406 1289 1432 seruos
1310 1393 1398 1432 est?
1453 1393 1527 1430 Tv.

1245 1467 1284 1497 et
1305 1465 1345 1496 tu
1367 1456 1529 1508 quidem

198 1542 332 1567 seruos
353 1535 390 1566 et
413 1527 508 1566 liber
529 1526 644 1574 fuisti,
668 1534 705 1565 et
726 1539 799 1576 ego
821 1539 883 1564 me
904 1526 1065 1564 confido
1086 1525 1177 1570 fore,
1551 1530 1614 1568 575

199 1593 228 1631 si
251 1593 365 1631 huius
387 1594 463 1630 huc
485 1591 759 1630 reconciliasso
781 1590 818 1628 in
840 1590 1059 1629 libertatem
1081 1589 1215 1628 filium.

138 1669 179 1701 45
200 1660 277 1697 AR.
310 1658 405 1707 quid
426 1657 492 1703 ais,
512 1656 695 1694 furcifer?
724 1663 791 1694 tun
811 1655 922 1707 te<te)
936 1663 1098 1706 gnatum
1120 1666 1314 1693 memoras
1335 1653 1531 1692 liberum?

199 1724 270 1761 ΤΥ.
305 1736 384 1761 non
415 1721 599 1771 equidem
632 1735 693 1759 me
725 1721 922 1767 Liberum,
946 1721 1016 1760 sed
1047 1719 1309 1758 Philocratem
1339 1731 1425 1756 esse
1453 1716 1526 1755 aio.

1218 1786 1294 1822 AR.
1327 1783 1423 1834 quid
1444 1783 1531 1821 est?

200 1860 240 1891 ut
262 1854 460 1898 scelestus,
486 1851 628 1901 Hegio,
654 1865 758 1890 nunc
779 1851 850 1891 iste
870 1850 944 1903 (te)
963 1851 1078 1890 ludos
1100 1849 1190 1888 facit
1211 1852 1217 1887 !

201 1918 289 1955 nzim
306 1917 335 1955 is
349 1925 406 1955 est
427 1931 560 1956 seruos
575 1917 668 1967 ipse,
685 1931 813 1968 neque
830 1925 980 1967 praeter
993 1930 1034 1955 se
1047 1929 1235 1966 umquam
1251 1914 1283 1953 ei
1299 1927 1432 1953 seruos
1447 1912 1527 1951 suit.
1551 1915 1618 1960 580

199 1984 272 2020 Tv.
295 1982 387 2032 quia
407 1990 489 2020 tute
510 1982 593 2032 ipse
614 1995 703 2031 eges
725 1982 762 2020 in
786 1981 908 2032 patria
928 1995 1000 2020 nec
1022 1980 1091 2019 tibi
1112 1980 1179 2030 qui
1201 1979 1311 2018 uiuas
1331 1977 1489 2023 domist,

141 2061 182 2092 50
200 2047 329 2086 omnis
352 2047 517 2086 inueniri
540 2047 675 2085 similis
697 2047 750 2085 tui
773 2047 856 2095 uis;
886 2061 966 2086 non
989 2046 1128 2084 mirum
1151 2045 1244 2084 facis
1264 2060 1270 2083 :

200 2120 257 2151 est
280 2112 508 2150 miserorum
533 2119 574 2150 ut
599 2113 880 2150 male-uolentes
901 2111 978 2150 sint
998 2119 1116 2161 atque
1139 2110 1341 2148 inuideant
1364 2108 1487 2148 bonis.

244 2217 307 2255 565
331 2216 483 2255 appellas
511 2214 563 2244 1³1³
713 2224 770 2253 57¹
801 2219 860 2244 tun
888 2224 992 2253 negas
1017 2219 1049 2244 tc
1075 2213 1241 2244 Bossclea:
1277 2218 1309 2242 te
1335 2222 1440 2251 negas
1462 2211 1527 2243 cod.

203 2269 264 2298 573
290 2259 337 2289 vel
353 2259 396 2289 ill'
503 2267 565 2297 575
591 2257 658 2288 csl.
677 2257 847 2288 Fleckeisen
953 2258 1017 2296 576
1043 2258 1130 2288 hunc
1143 2255 1207 2287 cod.
1224 2255 1357 2296 <11ch)
1468 2264 1529 2294 577

204 2309 270 2332 tote
291 2303 449 2332 (irutrrus
466 2313 471 2331 :
498 2308 530 2331 te
548 2300 612 2331 cad.
749 2307 886 2338 gnatum
905 2300 1027 2343 (csse)
1043 2299 1182 2349 Pqudes
1314 2309 1378 2339 579
1401 2303 1434 2329 te
1450 2297 1527 2328 add.

205 2347 363 2375 (rh-uterus
473 2346 536 2384 582
563 2345 706 2375 inueniri
735 2345 969 2375 (.'(1nu'rwius:
1005 2344 1158 2375 inuenire
1181 2341 1246 2374 cod.
1328 2343 1373 2373 tui
1399 2342 1528 2373 Fleckei-

202 2399 256 2419 sen
276 2401 282 2419 z
308 2389 364 2419 tibi
383 2388 463 2427 cod„
483 2388 573 2429 quod
586 2390 639 2419 vix
654 2388 852 2419 Plautinum
