1727 2712
685 106 959 144 ASINARIA
1453 101 1482 139 Ι.
1503 98 1550 137 iii

157 231 312 270 semper
331 219 510 256 oculatae
531 229 670 255 manus
692 222 782 253 sunt
804 222 970 260 nostrae,
993 214 1159 253 credunt
1179 213 1288 263 quod
1309 211 1457 250 uident.
1506 224 1549 256 50

157 291 270 323 uetus
287 291 345 322 est
361 298 368 321 :
393 286 401 302 ‘
415 282 526 320 nihili
543 280 733 320 coactiost
746 278 886 317 '—-scis
900 278 1067 328 quoiius.
1101 291 1183 316 non
1199 277 1291 316 dico
1306 275 1486 327 amplius.

158 351 263 388 ARG.
295 348 411 386 aliam
433 361 538 385 nunc
560 346 613 384 mi
634 345 852 384 orationem
873 343 1094 394 despoliato
1113 342 1328 393 praedicas,

71 426 138 464 205
158 417 275 466 longe
300 414 428 461 aliam,
455 413 628 464 inquam,
656 409 866 464 (linguam)
894 410 1058 461 praebes
1096 423 1203 448 nunc
1241 416 1359 458 atque
1397 406 1492 446 olim

1188 487 1310 524 quom
1333 473 1490 520 dabam,

158 545 274 585 aliam
312 553 431 596 atque
470 544 565 584 olim
599 557 721 595 quom
761 541 964 581 inliciebas
1003 554 1066 580 me
1104 541 1155 579 ad
1190 547 1228 578 te
1263 540 1409 578 blande
1446 551 1492 577 ae

1284 603 1491 643 benedice.

160 683 244 714 tum
259 675 312 714 mi
327 676 446 714 aedes
462 688 623 725 quoque
638 673 873 712 adridebant
889 685 1011 722 quom
1028 671 1079 709 ad
1096 678 1134 709 te
1150 668 1360 708 ueniebam
1378 675 1467 706 tuae
1483 680 1493 714 3
1511 683 1552 716 55

160 754 224 778 me
257 740 373 779 unice
400 753 523 778 unum
562 753 609 778 ex
642 737 828 778 omnibus
862 745 900 775 te
931 744 1049 786 atque
1079 735 1184 774 illam
1219 747 1350 773 amare
1383 732 1492 771 aibas

1373 797 1469 836 mihi
1484 812 1494 845 ;

165 865 232 904 ubi
253 866 348 915 quid
369 867 569 914 dederam,
592 866 703 917 quasi
724 867 932 905 columbae
953 866 1047 916 pulli
1069 866 1107 904 in
1130 880 1196 905 ore
1216 866 1357 905 ambae
1378 879 1468 904 meo

78 947 146 973 210
164 944 289 981 usque
310 931 436 978 eratis,
460 945 550 970 meo
570 933 621 971 de
642 931 773 971 studio
794 932 924 971 studia
943 940 1052 971 erant
1073 940 1205 971 uostra
1227 931 1371 978 omnia,

163 1010 288 1046 usque
308 996 603 1035 adhaerebatis:
635 998 744 1046 quod
764 1010 837 1047 ego
858 997 1055 1044 iusseram,
1079 998 1187 1047 quod
1209 998 1408 1036 uolueram

162 1061 374 1107 faciebatis,
399 1062 508 1111 quod
529 1062 714 1100 nolebam
734 1075 780 1100 ac
801 1069 1016 1109 uotueram‚
1041 1063 1091 1100 de
1112 1062 1303 1100 industria
1509 1069 1554 1103 60

162 1126 382 1176 fugiebatis,
404 1140 532 1176 neque
554 1127 686 1165 conari
708 1127 747 1166 id
768 1128 894 1166 facere
914 1127 1118 1166 audebatis
1139 1127 1255 1178 prius.

164 1205 270 1230 nunc
284 1206 413 1242 neque
430 1192 526 1242 quid
547 1192 665 1231 uelim
688 1206 817 1243 neque
831 1192 952 1231 nolim
968 1192 1093 1231 facitis
1112 1192 1253 1242 magni,
1271 1207 1488 1244 pessumae.

78 1264 142 1301 215
164 1256 237 1295 CL.
268 1270 348 1295 non
370 1264 411 1294 tu
432 1256 536 1295 scis?
565 1257 629 1295 hic
650 1265 782 1296 noster
802 1265 986 1308 quaestus
1009 1257 1152 1307 aucupi
1175 1257 1422 1297 simillimust.

163 1335 308 1372 auceps
329 1324 491 1372 quando
512 1322 767 1361 concinnauit
787 1337 929 1369 aream,
953 1323 1122 1362 offundit
1143 1323 1277 1362 cibum
1293 1338 1303 1371 ς

165 1385 293 1439 [aues]
315 1388 555 1426 adsuescunt
572 1403 579 1426 :
609 1402 771 1428 necesse
791 1396 850 1427 est
870 1389 997 1428 facere
1018 1396 1220 1440 sumptum
1246 1388 1316 1440 qui
1339 1388 1491 1441 quaerit
1509 1399 1552 1440 65

1316 1455 1468 1493 lucrum
1483 1469 1494 1502 3

160 1533 277 1570 saepe
297 1521 420 1559 edunt
438 1534 445 1558 :
474 1521 596 1559 semel
617 1519 649 1558 si
670 1527 761 1558 sunt
781 1527 930 1570 captae,
954 1533 1035 1558 rem
1058 1520 1216 1558 soluont
1236 1519 1391 1570 aucupi.

73 1573 144 1647 Ξὲἓ
161 1584 297 1624 itidem
319 1585 383 1624 hic
402 1587 509 1636 apud
530 1599 602 1624 nos
621 1601 626 1623 :
656 1587 775 1624 aedes
796 1585 911 1624 nobis
932 1599 1021 1624 area
1041 1593 1110 1632 est,
1133 1599 1278 1636 auceps
1299 1599 1387 1624 sum
1407 1598 1493 1636 ego,

160 1663 250 1689 esca
269 1658 328 1688 est
350 1650 538 1697 meretrix,
562 1652 687 1689 lectus
707 1650 812 1689 inlex
831 1658 901 1698 est,
923 1657 1117 1689 amatores
1138 1664 1232 1689 aues
1247 1665 1258 1698 ,·

160 1715 262 1754 bene
284 1717 493 1754 salutando
514 1724 791 1763 consuescunt,
815 1717 1095 1767 compellando
1117 1715 1324 1763 blanditer,

159 1781 389 1827 osculando,
412 1780 589 1820 oratione
610 1781 784 1827 uinnula‚
807 1783 1026 1820 uenustula.
1513 1788 1556 1825 7⁰

159 1844 190 1882 si
212 1845 398 1895 papillam
419 1845 681 1895 pertractauit,
705 1847 811 1885 haud
832 1854 890 1884 est
910 1846 961 1884 ab
982 1844 1085 1897 re(d>
1104 1845 1268 1897 aucupis
1283 1860 1293 1894 3

74 1924 139 1961 225
160 1909 314 1950 sauium
335 1910 366 1948 si
386 1911 562 1961 sumpsit,
587 1925 740 1950 sumere
761 1925 850 1949 eum
873 1911 963 1950 licet
983 1911 1067 1950 sine
1087 1911 1245 1950 retibus.

160 1974 325 2014 haecine
345 1982 383 2013 te
404 1989 489 2014 esse
510 1975 677 2014 oblitum
699 1975 738 2013 in
761 1977 855 2015 ludo
872 1976 938 2026 qui
960 1975 1066 2014 fuisti
1088 1984 1167 2014 tam
1189 1976 1256 2015 diu
1274 1979 1280 2013 1

160 2041 265 2079 ARG.
297 2047 364 2078 tua
384 2039 457 2078 ista
476 2041 592 2090 culpa
612 2048 680 2087 est,
700 2054 801 2090 quae
821 2040 1060 2091 discipulum
1081 2040 1343 2080 semidoctum
1364 2055 1434 2092 aps
1455 2048 1495 2081 te

1315 2120 1490 2145 amoues.

161 2169 231 2209 CL.
264 2177 437 2209 remeato
456 2171 653 2217 audacter,
677 2171 899 2209 mercedem
922 2170 953 2208 si
974 2169 1047 2208 eris
1068 2178 1230 2208 nactus:
1261 2183 1366 2208 nunc
1386 2170 1463 2209 abi.
1514 2181 1552 2216 75

203 2283 266 2313 205
292 2273 440 2313 linguam
458 2274 537 2304 add.
558 2273 680 2304 Vahlen
814 2285 876 2313 217
902 2285 984 2305 aues
1001 2274 1165 2311 del.Re1':‚
1185 2285 1266 2304 nam
1284 2278 1425 2305 necesse
1442 2279 1493 2305 est

161 2321 344 2357 suspectum
471 2318 534 2348 218
559 2323 678 2357 captae
695 2324 772 2348 sunt
793 2318 959 2355 Gnaeum,
980 2319 1130 2358 rhythmo
1147 2318 1314 2348 consulens
1407 2319 1490 2357 sort.

161 2358 267 2402 (eae)
285 2371 353 2391 rem
467 2371 527 2391 221
556 2367 675 2400 pectus
692 2361 785 2392 codd.
798 2361 901 2392 Pauli
919 2372 978 2401 113
1098 2372 1161 2399 224
1186 2361 1407 2401 pertractabit
1423 2360 1492 2393 cod.

162 2403 196 2434 h.
215 2403 293 2447 (id)
309 2410 360 2436 est
379 2404 591 2436 Camerarius
731 2415 793 2444 227
819 2405 868 2436 vel
884 2406 987 2436 istaec
