<?xml version="1.0" encoding="UTF-8"?>
<!DOCTYPE html PUBLIC "-//W3C//DTD XHTML 1.0 Transitional//EN"
    "http://www.w3.org/TR/xhtml1/DTD/xhtml1-transitional.dtd">
<html xmlns="http://www.w3.org/1999/xhtml" xml:lang="en" lang="en">
 <head>
  <title>
</title>
<meta http-equiv="Content-Type" content="text/html;charset=utf-8" />
  <meta name='ocr-system' content='tesseract 3.04.00' />
  <meta name='ocr-capabilities' content='ocr_page ocr_carea ocr_par ocr_line ocrx_word'/>
</head>
<body>
  <div class='ocr_page' id='page_1' title='image "./comoediaerecogno01plauuoft_0016.png"; bbox 0 0 1686 2722; ppageno 0'>
   <div class='ocr_carea' id='block_1_1' title="bbox 649 102 973 141">
    <p class='ocr_par' dir='ltr' id='par_1_1' title="bbox 649 102 973 141">
     <span class='ocr_line' id='line_1_1' title="bbox 649 102 973 141; baseline 0.006 -2"><span class='ocrx_word' id='word_1_1' title='bbox 649 102 973 141; x_wconf 80' lang='lat' dir='ltr'><strong>PRAEFATIO</strong></span> 
     </span>
    </p>
   </div>
   <div class='ocr_carea' id='block_1_2' title="bbox 139 210 1475 1893">
    <p class='ocr_par' dir='ltr' id='par_1_2' title="bbox 139 210 1475 1893">
     <span class='ocr_line' id='line_1_2' title="bbox 199 210 1475 259; baseline 0.003 -11"><span class='ocrx_word' id='word_1_2' title='bbox 199 210 318 259; x_wconf 89' lang='lat' dir='ltr'>Quod</span> <span class='ocrx_word' id='word_1_3' title='bbox 363 223 455 250; x_wconf 89' lang='lat' dir='ltr'>vero</span> <span class='ocrx_word' id='word_1_4' title='bbox 500 211 626 249; x_wconf 90' lang='lat' dir='ltr'>iussus</span> <span class='ocrx_word' id='word_1_5' title='bbox 674 224 760 249; x_wconf 89' lang='lat' dir='ltr'>sum</span> <span class='ocrx_word' id='word_1_6' title='bbox 810 211 994 249; x_wconf 86' lang='lat' dir='ltr'>iuvenum</span> <span class='ocrx_word' id='word_1_7' title='bbox 1043 211 1308 250; x_wconf 89' lang='lat' dir='ltr'>studiosorum</span> <span class='ocrx_word' id='word_1_8' title='bbox 1356 225 1475 252; x_wconf 88' lang='lat' dir='ltr'>causa</span> 
     </span>
     <span class='ocr_line' id='line_1_3' title="bbox 144 275 1475 326; baseline 0.002 -13"><span class='ocrx_word' id='word_1_9' title='bbox 144 275 465 325; x_wconf 79' lang='lat' dir='ltr'>orthographiam</span> <span class='ocrx_word' id='word_1_10' title='bbox 489 289 717 325; x_wconf 80' lang='lat' dir='ltr'>exaequare,</span> <span class='ocrx_word' id='word_1_11' title='bbox 742 276 888 326; x_wconf 87' lang='lat' dir='ltr'>placuit</span> <span class='ocrx_word' id='word_1_12' title='bbox 913 289 981 326; x_wconf 92' lang='lat' dir='ltr'>per</span> <span class='ocrx_word' id='word_1_13' title='bbox 1001 289 1140 314; x_wconf 90' lang='lat' dir='ltr'>omnes</span> <span class='ocrx_word' id='word_1_14' title='bbox 1168 275 1319 315; x_wconf 86' lang='lat' dir='ltr'>fabulas</span> <span class='ocrx_word' id='word_1_15' title='bbox 1345 278 1475 316; x_wconf 92' lang='lat' dir='ltr'>ortho-</span> 
     </span>
     <span class='ocr_line' id='line_1_4' title="bbox 143 340 1473 391; baseline 0.002 -12"><span class='ocrx_word' id='word_1_16' title='bbox 143 341 344 391; x_wconf 87' lang='lat' dir='ltr'>graphiam</span> <span class='ocrx_word' id='word_1_17' title='bbox 385 355 484 388; x_wconf 88' lang='lat' dir='ltr'>eam,</span> <span class='ocrx_word' id='word_1_18' title='bbox 518 354 637 391; x_wconf 88' lang='lat' dir='ltr'>quam</span> <span class='ocrx_word' id='word_1_19' title='bbox 673 355 718 380; x_wconf 89' lang='lat' dir='ltr'>ex</span> <span class='ocrx_word' id='word_1_20' title='bbox 757 341 909 391; x_wconf 91' lang='lat' dir='ltr'>optimo</span> <span class='ocrx_word' id='word_1_21' title='bbox 949 340 1176 379; x_wconf 90' lang='lat' dir='ltr'>testimonio</span> <span class='ocrx_word' id='word_1_22' title='bbox 1210 341 1394 380; x_wconf 90' lang='lat' dir='ltr'>codicum</span> <span class='ocrx_word' id='word_1_23' title='bbox 1434 342 1473 381; x_wconf 90' lang='lat' dir='ltr'>in</span> 
     </span>
     <span class='ocr_line' id='line_1_5' title="bbox 144 405 1473 457; baseline 0.001 -12"><span class='ocrx_word' id='word_1_24' title='bbox 144 406 424 457; x_wconf 85' lang='lat' dir='ltr'>posterioribus</span> <span class='ocrx_word' id='word_1_25' title='bbox 455 406 595 445; x_wconf 84' lang='lat' dir='ltr'>sabulis</span> <span class='ocrx_word' id='word_1_26' title='bbox 625 406 812 456; x_wconf 87' lang='lat' dir='ltr'>expiscari</span> <span class='ocrx_word' id='word_1_27' title='bbox 843 418 1066 456; x_wconf 85' lang='lat' dir='ltr'>possumuS‚</span> <span class='ocrx_word' id='word_1_28' title='bbox 1088 405 1207 444; x_wconf 85' lang='lat' dir='ltr'>etiam</span> <span class='ocrx_word' id='word_1_29' title='bbox 1234 419 1303 457; x_wconf 89' lang='lat' dir='ltr'>per</span> <span class='ocrx_word' id='word_1_30' title='bbox 1325 414 1473 446; x_wconf 93' lang='lat' dir='ltr'>ceteras</span> 
     </span>
     <span class='ocr_line' id='line_1_6' title="bbox 144 470 1474 512; baseline 0.002 -2"><span class='ocrx_word' id='word_1_31' title='bbox 144 471 296 510; x_wconf 84' lang='lat' dir='ltr'>fabulas</span> <span class='ocrx_word' id='word_1_32' title='bbox 317 473 558 510; x_wconf 86' lang='lat' dir='ltr'>continuare.</span> <span class='ocrx_word' id='word_1_33' title='bbox 618 473 675 510; x_wconf 89' lang='lat' dir='ltr'>Ea</span> <span class='ocrx_word' id='word_1_34' title='bbox 704 471 809 510; x_wconf 87' lang='lat' dir='ltr'>enim</span> <span class='ocrx_word' id='word_1_35' title='bbox 846 471 942 510; x_wconf 87' lang='lat' dir='ltr'>ratio</span> <span class='ocrx_word' id='word_1_36' title='bbox 975 472 1013 509; x_wconf 91' lang='lat' dir='ltr'>in</span> <span class='ocrx_word' id='word_1_37' title='bbox 1043 470 1270 511; x_wconf 91' lang='lat' dir='ltr'>huiusmodi</span> <span class='ocrx_word' id='word_1_38' title='bbox 1299 472 1474 512; x_wconf 84' lang='lat' dir='ltr'>editione</span> 
     </span>
     <span class='ocr_line' id='line_1_7' title="bbox 143 536 1472 588; baseline 0.003 -14"><span class='ocrx_word' id='word_1_39' title='bbox 143 537 306 576; x_wconf 87' lang='lat' dir='ltr'>fortasse</span> <span class='ocrx_word' id='word_1_40' title='bbox 336 537 473 576; x_wconf 91' lang='lat' dir='ltr'>melior</span> <span class='ocrx_word' id='word_1_41' title='bbox 501 544 560 576; x_wconf 88' lang='lat' dir='ltr'>est</span> <span class='ocrx_word' id='word_1_42' title='bbox 589 550 707 588; x_wconf 91' lang='lat' dir='ltr'>quam</span> <span class='ocrx_word' id='word_1_43' title='bbox 743 550 811 587; x_wconf 92' lang='lat' dir='ltr'>per</span> <span class='ocrx_word' id='word_1_44' title='bbox 840 544 933 575; x_wconf 90' lang='lat' dir='ltr'>octo</span> <span class='ocrx_word' id='word_1_45' title='bbox 967 536 1114 586; x_wconf 89' lang='lat' dir='ltr'>priores</span> <span class='ocrx_word' id='word_1_46' title='bbox 1148 546 1403 587; x_wconf 88' lang='lat' dir='ltr'>exaequatam</span> <span class='ocrx_word' id='word_1_47' title='bbox 1434 539 1472 578; x_wconf 91' lang='lat' dir='ltr'>in</span> 
     </span>
     <span class='ocr_line' id='line_1_8' title="bbox 143 601 1472 655; baseline 0.002 -14"><span class='ocrx_word' id='word_1_48' title='bbox 143 603 372 653; x_wconf 90' lang='lat' dir='ltr'>scriptorio¹</span> <span class='ocrx_word' id='word_1_49' title='bbox 413 603 630 653; x_wconf 84' lang='lat' dir='ltr'>nescioquo</span> <span class='ocrx_word' id='word_1_50' title='bbox 668 602 787 642; x_wconf 88' lang='lat' dir='ltr'>medii</span> <span class='ocrx_word' id='word_1_51' title='bbox 826 602 911 641; x_wconf 93' lang='lat' dir='ltr'>aevi</span> <span class='ocrx_word' id='word_1_52' title='bbox 957 601 1079 653; x_wconf 90' lang='lat' dir='ltr'>sequi.</span> <span class='ocrx_word' id='word_1_53' title='bbox 1159 603 1299 653; x_wconf 93' lang='lat' dir='ltr'>Itaque</span> <span class='ocrx_word' id='word_1_54' title='bbox 1337 604 1472 655; x_wconf 84' lang='lat' dir='ltr'>scripsi</span> 
     </span>
     <span class='ocr_line' id='line_1_9' title="bbox 143 669 1472 720; baseline 0.001 -13"><span class='ocrx_word' id='word_1_55' title='bbox 143 682 297 720; x_wconf 89' lang='lat' dir='ltr'>semper</span> <span class='ocrx_word' id='word_1_56' title='bbox 315 681 460 714; x_wconf 80' lang='lat' dir='ltr'>caussa,</span> <span class='ocrx_word' id='word_1_57' title='bbox 477 669 576 717; x_wconf 69' lang='lat' dir='ltr'>quoi,</span> <span class='ocrx_word' id='word_1_58' title='bbox 594 676 748 718; x_wconf 77' lang='lat' dir='ltr'>opsecro,</span> <span class='ocrx_word' id='word_1_59' title='bbox 766 669 923 718; x_wconf 80' lang='lat' dir='ltr'>optineo,</span> <span class='ocrx_word' id='word_1_60' title='bbox 947 680 1168 714; x_wconf 74' lang='lat' dir='ltr'>maxumus,</span> <span class='ocrx_word' id='word_1_61' title='bbox 1189 673 1365 718; x_wconf 83' lang='lat' dir='ltr'>optumus</span> <span class='ocrx_word' id='word_1_62' title='bbox 1386 670 1472 719; x_wconf 92' lang='lat' dir='ltr'>(sed</span> 
     </span>
     <span class='ocr_line' id='line_1_10' title="bbox 144 732 1472 784; baseline 0.002 -13"><span class='ocrx_word' id='word_1_63' title='bbox 144 735 352 782; x_wconf 77' lang='lat' dir='ltr'>minimus),</span> <span class='ocrx_word' id='word_1_64' title='bbox 394 732 559 781; x_wconf 83' lang='lat' dir='ltr'>similia3</span> <span class='ocrx_word' id='word_1_65' title='bbox 606 732 731 771; x_wconf 88' lang='lat' dir='ltr'>sicubi</span> <span class='ocrx_word' id='word_1_66' title='bbox 779 740 910 771; x_wconf 90' lang='lat' dir='ltr'>autem</span> <span class='ocrx_word' id='word_1_67' title='bbox 959 733 1124 771; x_wconf 90' lang='lat' dir='ltr'>varietas</span> <span class='ocrx_word' id='word_1_68' title='bbox 1172 734 1472 784; x_wconf 83' lang='lat' dir='ltr'>orthographiae</span> 
     </span>
     <span class='ocr_line' id='line_1_11' title="bbox 142 798 1470 850; baseline 0.001 -13"><span class='ocrx_word' id='word_1_69' title='bbox 142 799 331 850; x_wconf 88' lang='lat' dir='ltr'>apparuit,</span> <span class='ocrx_word' id='word_1_70' title='bbox 355 806 396 836; x_wconf 91' lang='lat' dir='ltr'>ut</span> <span class='ocrx_word' id='word_1_71' title='bbox 418 798 457 836; x_wconf 91' lang='lat' dir='ltr'>in</span> <span class='ocrx_word' id='word_1_72' title='bbox 484 799 548 836; x_wconf 84' lang='lat' dir='ltr'>aio</span> <span class='ocrx_word' id='word_1_73' title='bbox 567 805 605 836; x_wconf 93' lang='lat' dir='ltr'>et</span> <span class='ocrx_word' id='word_1_74' title='bbox 625 799 712 845; x_wconf 84' lang='lat' dir='ltr'>aiio,</span> <span class='ocrx_word' id='word_1_75' title='bbox 733 799 869 847; x_wconf 78' lang='lat' dir='ltr'><em>quoius</em></span> <span class='ocrx_word' id='word_1_76' title='bbox 890 798 1090 848; x_wconf 88' lang='lat' dir='ltr'>(genetivo</span> <span class='ocrx_word' id='word_1_77' title='bbox 1110 799 1221 849; x_wconf 90' lang='lat' dir='ltr'>casu)</span> <span class='ocrx_word' id='word_1_78' title='bbox 1248 806 1286 838; x_wconf 91' lang='lat' dir='ltr'>et</span> <span class='ocrx_word' id='word_1_79' title='bbox 1311 800 1470 848; x_wconf 77' lang='lat' dir='ltr'>quoiius,</span> 
     </span>
     <span class='ocr_line' id='line_1_12' title="bbox 141 863 1473 914; baseline 0 -11"><span class='ocrx_word' id='word_1_80' title='bbox 141 874 207 903; x_wconf 93' lang='lat' dir='ltr'>aut</span> <span class='ocrx_word' id='word_1_81' title='bbox 237 865 420 903; x_wconf 89' lang='lat' dir='ltr'>codicum</span> <span class='ocrx_word' id='word_1_82' title='bbox 450 863 680 914; x_wconf 88' lang='lat' dir='ltr'>scripturam</span> <span class='ocrx_word' id='word_1_83' title='bbox 710 871 867 901; x_wconf 89' lang='lat' dir='ltr'>secutus</span> <span class='ocrx_word' id='word_1_84' title='bbox 900 876 986 901; x_wconf 89' lang='lat' dir='ltr'>sum</span> <span class='ocrx_word' id='word_1_85' title='bbox 1017 864 1097 913; x_wconf 76' lang='lat' dir='ltr'>(aio</span> <span class='ocrx_word' id='word_1_86' title='bbox 1127 863 1241 914; x_wconf 90' lang='lat' dir='ltr'>Capt.</span> <span class='ocrx_word' id='word_1_87' title='bbox 1277 875 1364 913; x_wconf 87' lang='lat'>710,</span> <span class='ocrx_word' id='word_1_88' title='bbox 1394 866 1473 903; x_wconf 83' lang='lat' dir='ltr'>aiio</span> 
     </span>
     <span class='ocr_line' id='line_1_13' title="bbox 143 927 1472 978; baseline -0.001 -9"><span class='ocrx_word' id='word_1_89' title='bbox 143 931 231 970; x_wconf 87' lang='lat' dir='ltr'>Cas.</span> <span class='ocrx_word' id='word_1_90' title='bbox 252 931 314 978; x_wconf 88' lang='lat'>71)</span> <span class='ocrx_word' id='word_1_91' title='bbox 329 938 395 967; x_wconf 86' lang='lat' dir='ltr'>aut</span> <span class='ocrx_word' id='word_1_92' title='bbox 416 928 557 978; x_wconf 87' lang='lat' dir='ltr'>arripui</span> <span class='ocrx_word' id='word_1_93' title='bbox 574 927 823 966; x_wconf 87' lang='lat' dir='ltr'>occasionem</span> <span class='ocrx_word' id='word_1_94' title='bbox 841 928 1052 967; x_wconf 91' lang='lat' dir='ltr'>lectoribus</span> <span class='ocrx_word' id='word_1_95' title='bbox 1073 928 1308 968; x_wconf 91' lang='lat' dir='ltr'>consulendi</span> <span class='ocrx_word' id='word_1_96' title='bbox 1327 937 1366 968; x_wconf 89' lang='lat' dir='ltr'>et</span> <span class='ocrx_word' id='word_1_97' title='bbox 1379 929 1472 968; x_wconf 90' lang='lat' dir='ltr'>vari-</span> 
     </span>
     <span class='ocr_line' id='line_1_14' title="bbox 141 992 1471 1044; baseline 0 -12"><span class='ocrx_word' id='word_1_98' title='bbox 141 1002 244 1033; x_wconf 89' lang='lat' dir='ltr'>etate</span> <span class='ocrx_word' id='word_1_99' title='bbox 265 993 564 1044; x_wconf 85' lang='lat' dir='ltr'>orthographica</span> <span class='ocrx_word' id='word_1_100' title='bbox 586 992 833 1043; x_wconf 87' lang='lat' dir='ltr'>prosodicam</span> <span class='ocrx_word' id='word_1_101' title='bbox 850 992 1075 1032; x_wconf 87' lang='lat' dir='ltr'>varietatem</span> <span class='ocrx_word' id='word_1_102' title='bbox 1093 993 1306 1044; x_wconf 87' lang='lat' dir='ltr'>designavi.</span> <span class='ocrx_word' id='word_1_103' title='bbox 1364 994 1471 1034; x_wconf 91' lang='lat' dir='ltr'>Scito</span> 
     </span>
     <span class='ocr_line' id='line_1_15' title="bbox 142 1058 1470 1110; baseline 0.002 -13"><span class='ocrx_word' id='word_1_104' title='bbox 142 1059 255 1110; x_wconf 89' lang='lat' dir='ltr'>igitur</span> <span class='ocrx_word' id='word_1_105' title='bbox 276 1060 463 1110; x_wconf 85' lang='lat' dir='ltr'>scriptura</span> <span class='ocrx_word' id='word_1_106' title='bbox 485 1058 626 1097; x_wconf 87' lang='lat' dir='ltr'>usitata</span> <span class='ocrx_word' id='word_1_107' title='bbox 645 1059 779 1107; x_wconf 82' lang='lat' dir='ltr'><em>quoius</em></span> <span class='ocrx_word' id='word_1_108' title='bbox 806 1058 989 1097; x_wconf 91' lang='lat' dir='ltr'>usitatam</span> <span class='ocrx_word' id='word_1_109' title='bbox 1017 1059 1187 1110; x_wconf 91' lang='lat' dir='ltr'>genetivi</span> <span class='ocrx_word' id='word_1_110' title='bbox 1216 1060 1442 1110; x_wconf 88' lang='lat' dir='ltr'>prosodiam</span> <span class='ocrx_word' id='word_1_111' title='bbox 1457 1061 1470 1082; x_wconf 86' lang='lat'><strong>²</strong></span> 
     </span>
     <span class='ocr_line' id='line_1_16' title="bbox 141 1123 1469 1175; baseline 0 -12"><span class='ocrx_word' id='word_1_112' title='bbox 141 1124 314 1174; x_wconf 88' lang='lat' dir='ltr'>exprimi,</span> <span class='ocrx_word' id='word_1_113' title='bbox 346 1123 534 1174; x_wconf 92' lang='lat' dir='ltr'>scriptura</span> <span class='ocrx_word' id='word_1_114' title='bbox 571 1124 720 1172; x_wconf 76' lang='lat' dir='ltr'>quot&#39;z&#39;us</span> <span class='ocrx_word' id='word_1_115' title='bbox 758 1125 996 1162; x_wconf 85' lang='lat' dir='ltr'>trochaicam</span> <span class='ocrx_word' id='word_1_116' title='bbox 1013 1139 1023 1173; x_wconf 74' lang='grc' dir='ltr'><strong><em>ς</em></strong></span> <span class='ocrx_word' id='word_1_117' title='bbox 1070 1137 1186 1175; x_wconf 90' lang='lat' dir='ltr'>porro</span> <span class='ocrx_word' id='word_1_118' title='bbox 1224 1125 1469 1163; x_wconf 81' lang='lat' dir='ltr'>immutatum</span> 
     </span>
     <span class='ocr_line' id='line_1_17' title="bbox 145 1188 1469 1239; baseline 0.001 -12"><span class='ocrx_word' id='word_1_119' title='bbox 145 1193 359 1227; x_wconf 86' lang='lat' dir='ltr'>‘mutatum</span> <span class='ocrx_word' id='word_1_120' title='bbox 374 1191 382 1206; x_wconf 93' lang='lat'>’</span> <span class='ocrx_word' id='word_1_121' title='bbox 403 1188 631 1239; x_wconf 80' lang='lat' dir='ltr'>significare,</span> <span class='ocrx_word' id='word_1_122' title='bbox 656 1189 889 1226; x_wconf 78' lang='lat' dir='ltr'>inmutatum</span> <span class='ocrx_word' id='word_1_123' title='bbox 909 1192 919 1208; x_wconf 94' lang='lat'><em>‘</em></span> <span class='ocrx_word' id='word_1_124' title='bbox 935 1202 1015 1227; x_wconf 88' lang='lat' dir='ltr'>non</span> <span class='ocrx_word' id='word_1_125' title='bbox 1037 1191 1257 1228; x_wconf 87' lang='lat' dir='ltr'>mutatum.’</span> <span class='ocrx_word' id='word_1_126' title='bbox 1309 1191 1469 1229; x_wconf 86' lang='lat' dir='ltr'>Formas</span> 
     </span>
     <span class='ocr_line' id='line_1_18' title="bbox 141 1252 1468 1306; baseline 0.001 -14"><span class='ocrx_word' id='word_1_127' title='bbox 141 1262 273 1292; x_wconf 86' lang='lat' dir='ltr'>tamen</span> <span class='ocrx_word' id='word_1_128' title='bbox 302 1262 369 1292; x_wconf 89' lang='lat' dir='ltr'>aut</span> <span class='ocrx_word' id='word_1_129' title='bbox 398 1254 514 1292; x_wconf 93' lang='lat' dir='ltr'>nimis</span> <span class='ocrx_word' id='word_1_130' title='bbox 545 1253 762 1303; x_wconf 86' lang='lat' dir='ltr'>incognitas</span> <span class='ocrx_word' id='word_1_131' title='bbox 791 1252 842 1304; x_wconf 85' lang='lat' dir='ltr'>(v.</span> <span class='ocrx_word' id='word_1_132' title='bbox 865 1266 900 1304; x_wconf 89' lang='lat' dir='ltr'>g.</span> <span class='ocrx_word' id='word_1_133' title='bbox 922 1255 1265 1304; x_wconf 82' lang='lat' dir='ltr'>quomqueneiscam</span> <span class='ocrx_word' id='word_1_134' title='bbox 1295 1268 1365 1306; x_wconf 93' lang='lat' dir='ltr'>pro</span> <span class='ocrx_word' id='word_1_135' title='bbox 1390 1269 1468 1293; x_wconf 86' lang='lat' dir='ltr'>con-</span> 
     </span>
     <span class='ocr_line' id='line_1_19' title="bbox 139 1318 1466 1370; baseline 0.002 -13"><span class='ocrx_word' id='word_1_136' title='bbox 139 1321 346 1369; x_wconf 81' lang='lat' dir='ltr'>quiniscam</span> <span class='ocrx_word' id='word_1_137' title='bbox 361 1320 455 1359; x_wconf 88' lang='lat' dir='ltr'>Cist.</span> <span class='ocrx_word' id='word_1_138' title='bbox 472 1322 494 1356; x_wconf 90' lang='lat'><strong>6</strong></span> <span class='ocrx_word' id='word_1_139' title='bbox 501 1322 566 1369; x_wconf 84' lang='lat'>57)</span> <span class='ocrx_word' id='word_1_140' title='bbox 581 1327 646 1357; x_wconf 87' lang='lat' dir='ltr'>aut</span> <span class='ocrx_word' id='word_1_141' title='bbox 663 1318 866 1369; x_wconf 89' lang='lat' dir='ltr'>ambiguas</span> <span class='ocrx_word' id='word_1_142' title='bbox 883 1319 934 1370; x_wconf 93' lang='lat' dir='ltr'>(v.</span> <span class='ocrx_word' id='word_1_143' title='bbox 950 1333 983 1370; x_wconf 91' lang='lat' dir='ltr'>g.</span> <span class='ocrx_word' id='word_1_144' title='bbox 998 1333 1108 1370; x_wconf 85' lang='lat' dir='ltr'>quom</span> <span class='ocrx_word' id='word_1_145' title='bbox 1123 1320 1466 1370; x_wconf 83' lang='lat' dir='ltr'>praepositionem,</span> 
     </span>
     <span class='ocr_line' id='line_1_20' title="bbox 139 1385 1473 1436; baseline 0.002 -14"><span class='ocrx_word' id='word_1_146' title='bbox 139 1387 224 1434; x_wconf 80' lang='lat' dir='ltr'>quit</span> <span class='ocrx_word' id='word_1_147' title='bbox 250 1393 287 1424; x_wconf 95' lang='lat' dir='ltr'>et</span> <span class='ocrx_word' id='word_1_148' title='bbox 317 1386 445 1434; x_wconf 82' lang='lat' dir='ltr'>nequit</span> <span class='ocrx_word' id='word_1_149' title='bbox 472 1397 541 1434; x_wconf 92' lang='lat' dir='ltr'>pro</span> <span class='ocrx_word' id='word_1_150' title='bbox 568 1385 663 1432; x_wconf 76' lang='lat' dir='ltr'>quid</span> <span class='ocrx_word' id='word_1_151' title='bbox 687 1392 723 1421; x_wconf 89' lang='lat' dir='ltr'>et</span> <span class='ocrx_word' id='word_1_152' title='bbox 749 1385 896 1432; x_wconf 82' lang='lat' dir='ltr'>nequid,</span> <span class='ocrx_word' id='word_1_153' title='bbox 911 1386 1086 1435; x_wconf 81' lang='lat' dir='ltr'>perierat</span> <span class='ocrx_word' id='word_1_154' title='bbox 1112 1398 1183 1436; x_wconf 92' lang='lat' dir='ltr'>pro</span> <span class='ocrx_word' id='word_1_155' title='bbox 1201 1386 1414 1436; x_wconf 81' lang='lat' dir='ltr'>pci(i)erat‚</span> <span class='ocrx_word' id='word_1_156' title='bbox 1435 1387 1473 1425; x_wconf 84' lang='lat' dir='ltr'>ei</span> 
     </span>
     <span class='ocr_line' id='line_1_21' title="bbox 141 1448 1466 1501; baseline 0.002 -13"><span class='ocrx_word' id='word_1_157' title='bbox 141 1463 211 1500; x_wconf 88' lang='lat' dir='ltr'>pro</span> <span class='ocrx_word' id='word_1_158' title='bbox 231 1451 249 1488; x_wconf 83' lang='lat' dir='ltr'><em>i</em></span> <span class='ocrx_word' id='word_1_159' title='bbox 270 1452 386 1500; x_wconf 87' lang='lat' dir='ltr'>longa</span> <span class='ocrx_word' id='word_1_160' title='bbox 411 1449 450 1487; x_wconf 92' lang='lat' dir='ltr'>in</span> <span class='ocrx_word' id='word_1_161' title='bbox 473 1450 509 1488; x_wconf 84' lang='lat' dir='ltr'>ei</span> <span class='ocrx_word' id='word_1_162' title='bbox 532 1448 770 1498; x_wconf 90' lang='lat' dir='ltr'>imperativo,</span> <span class='ocrx_word' id='word_1_163' title='bbox 793 1452 922 1488; x_wconf 76' lang='lat' dir='ltr'>aureis</span> <span class='ocrx_word' id='word_1_164' title='bbox 940 1464 1019 1489; x_wconf 89' lang='lat' dir='ltr'>acc.</span> <span class='ocrx_word' id='word_1_165' title='bbox 1043 1452 1154 1501; x_wconf 91' lang='lat' dir='ltr'>plur.,</span> <span class='ocrx_word' id='word_1_166' title='bbox 1176 1451 1326 1501; x_wconf 47' lang='lat' dir='ltr'>deti-ere)</span> <span class='ocrx_word' id='word_1_167' title='bbox 1349 1453 1466 1491; x_wconf 90' lang='lat' dir='ltr'>malui</span> 
     </span>
     <span class='ocr_line' id='line_1_22' title="bbox 139 1513 1467 1566; baseline 0.004 -13"><span class='ocrx_word' id='word_1_168' title='bbox 139 1523 205 1553; x_wconf 91' lang='lat' dir='ltr'>aut</span> <span class='ocrx_word' id='word_1_169' title='bbox 235 1517 375 1554; x_wconf 89' lang='lat' dir='ltr'>tacitus</span> <span class='ocrx_word' id='word_1_170' title='bbox 403 1515 558 1553; x_wconf 89' lang='lat' dir='ltr'>abicere</span> <span class='ocrx_word' id='word_1_171' title='bbox 586 1522 664 1561; x_wconf 88' lang='lat' dir='ltr'>aut,</span> <span class='ocrx_word' id='word_1_172' title='bbox 688 1513 823 1564; x_wconf 90' lang='lat' dir='ltr'>siquae</span> <span class='ocrx_word' id='word_1_173' title='bbox 853 1516 995 1565; x_wconf 84' lang='lat' dir='ltr'>dignae</span> <span class='ocrx_word' id='word_1_174' title='bbox 1025 1529 1128 1566; x_wconf 88' lang='lat' dir='ltr'>quae</span> <span class='ocrx_word' id='word_1_175' title='bbox 1159 1528 1467 1557; x_wconf 87' lang='lat' dir='ltr'>memorarentur</span> 
     </span>
     <span class='ocr_line' id='line_1_23' title="bbox 140 1579 1466 1631; baseline 0.003 -13"><span class='ocrx_word' id='word_1_176' title='bbox 140 1581 383 1626; x_wconf 87' lang='lat' dir='ltr'>videbantur,</span> <span class='ocrx_word' id='word_1_177' title='bbox 399 1594 421 1618; x_wconf 93' lang='lat' dir='ltr'>e</span> <span class='ocrx_word' id='word_1_178' title='bbox 442 1588 546 1618; x_wconf 91' lang='lat' dir='ltr'>textu</span> <span class='ocrx_word' id='word_1_179' title='bbox 570 1579 607 1617; x_wconf 87' lang='lat' dir='ltr'>in</span> <span class='ocrx_word' id='word_1_180' title='bbox 625 1579 921 1618; x_wconf 83' lang='lat' dir='ltr'>adnotationem</span> <span class='ocrx_word' id='word_1_181' title='bbox 940 1583 1134 1631; x_wconf 90' lang='lat' dir='ltr'>relegare;</span> <span class='ocrx_word' id='word_1_182' title='bbox 1164 1595 1254 1620; x_wconf 92' lang='lat' dir='ltr'>nam</span> <span class='ocrx_word' id='word_1_183' title='bbox 1277 1582 1315 1620; x_wconf 94' lang='lat' dir='ltr'>in</span> <span class='ocrx_word' id='word_1_184' title='bbox 1338 1583 1466 1623; x_wconf 87' lang='lat' dir='ltr'>huius-</span> 
     </span>
     <span class='ocr_line' id='line_1_24' title="bbox 141 1645 1465 1694; baseline 0.003 -10"><span class='ocrx_word' id='word_1_185' title='bbox 141 1646 247 1684; x_wconf 90' lang='lat' dir='ltr'>modi</span> <span class='ocrx_word' id='word_1_186' title='bbox 278 1645 451 1684; x_wconf 88' lang='lat' dir='ltr'>editione</span> <span class='ocrx_word' id='word_1_187' title='bbox 481 1646 567 1694; x_wconf 90' lang='lat' dir='ltr'>plus</span> <span class='ocrx_word' id='word_1_188' title='bbox 597 1646 722 1682; x_wconf 82' lang='lat' dir='ltr'>valere</span> <span class='ocrx_word' id='word_1_189' title='bbox 750 1645 874 1683; x_wconf 90' lang='lat' dir='ltr'>visum</span> <span class='ocrx_word' id='word_1_190' title='bbox 903 1654 960 1684; x_wconf 89' lang='lat' dir='ltr'>est</span> <span class='ocrx_word' id='word_1_191' title='bbox 988 1648 1177 1685; x_wconf 90' lang='lat' dir='ltr'>lectorum</span> <span class='ocrx_word' id='word_1_192' title='bbox 1208 1651 1465 1688; x_wconf 87' lang='lat' dir='ltr'>commodum</span> 
     </span>
     <span class='ocr_line' id='line_1_25' title="bbox 139 1710 1465 1764; baseline 0.005 -16"><span class='ocrx_word' id='word_1_193' title='bbox 139 1724 257 1760; x_wconf 88' lang='lat' dir='ltr'>quam</span> <span class='ocrx_word' id='word_1_194' title='bbox 279 1723 413 1749; x_wconf 86' lang='lat' dir='ltr'>severa</span> <span class='ocrx_word' id='word_1_195' title='bbox 438 1718 504 1748; x_wconf 85' lang='lat' dir='ltr'>aut</span> <span class='ocrx_word' id='word_1_196' title='bbox 531 1710 750 1748; x_wconf 90' lang='lat' dir='ltr'>constantia</span> <span class='ocrx_word' id='word_1_197' title='bbox 764 1712 776 1729; x_wconf 76' lang='lat'>³</span> <span class='ocrx_word' id='word_1_198' title='bbox 796 1719 862 1749; x_wconf 89' lang='lat' dir='ltr'>aut</span> <span class='ocrx_word' id='word_1_199' title='bbox 890 1712 1054 1751; x_wconf 85' lang='lat' dir='ltr'>traditae</span> <span class='ocrx_word' id='word_1_200' title='bbox 1081 1713 1293 1764; x_wconf 86' lang='lat' dir='ltr'>scripturae</span> <span class='ocrx_word' id='word_1_201' title='bbox 1313 1727 1465 1754; x_wconf 87' lang='lat' dir='ltr'>conser-</span> 
     </span>
     <span class='ocr_line' id='line_1_26' title="bbox 140 1769 1462 1828; baseline 0.005 -16"><span class='ocrx_word' id='word_1_202' title='bbox 140 1775 252 1813; x_wconf 83' lang='lat' dir='ltr'>vatio.</span> <span class='ocrx_word' id='word_1_203' title='bbox 312 1769 533 1813; x_wconf 90' lang='lat' dir='ltr'>Verborum</span> <span class='ocrx_word' id='word_1_204' title='bbox 557 1775 673 1813; x_wconf 89' lang='lat' dir='ltr'>etiam</span> <span class='ocrx_word' id='word_1_205' title='bbox 696 1775 929 1814; x_wconf 87' lang='lat' dir='ltr'>divisionem</span> <span class='ocrx_word' id='word_1_206' title='bbox 957 1779 1007 1816; x_wconf 90' lang='lat' dir='ltr'>ad</span> <span class='ocrx_word' id='word_1_207' title='bbox 1031 1778 1140 1816; x_wconf 87' lang='lat' dir='ltr'>metri</span> <span class='ocrx_word' id='word_1_208' title='bbox 1162 1778 1462 1828; x_wconf 83' lang='lat' dir='ltr'>explicationem</span> 
     </span>
     <span class='ocr_line' id='line_1_27' title="bbox 139 1839 1462 1893; baseline 0.003 -17"><span class='ocrx_word' id='word_1_209' title='bbox 139 1839 392 1885; x_wconf 80' lang='lat' dir='ltr'>conformavi,</span> <span class='ocrx_word' id='word_1_210' title='bbox 408 1846 450 1878; x_wconf 92' lang='lat' dir='ltr'>ut</span> <span class='ocrx_word' id='word_1_211' title='bbox 468 1847 501 1877; x_wconf 77' lang='lat' dir='ltr'>si</span> <span class='ocrx_word' id='word_1_212' title='bbox 515 1841 663 1888; x_wconf 74' lang='lat' dir='ltr'>quidem</span> <span class='ocrx_word' id='word_1_213' title='bbox 679 1843 688 1859; x_wconf 76' lang='lat'><strong>⁴</strong></span> <span class='ocrx_word' id='word_1_214' title='bbox 711 1848 749 1879; x_wconf 89' lang='lat' dir='ltr'>et</span> <span class='ocrx_word' id='word_1_215' title='bbox 765 1842 957 1890; x_wconf 64' lang='lat' dir='ltr'>sfquidcm,</span> <span class='ocrx_word' id='word_1_216' title='bbox 975 1846 1016 1879; x_wconf 74' lang='lat' dir='ltr'>tz&#39;t</span> <span class='ocrx_word' id='word_1_217' title='bbox 1035 1844 1183 1891; x_wconf 73' lang='lat' dir='ltr'>quidem</span> <span class='ocrx_word' id='word_1_218' title='bbox 1200 1851 1238 1881; x_wconf 90' lang='lat' dir='ltr'>et</span> <span class='ocrx_word' id='word_1_219' title='bbox 1260 1845 1462 1893; x_wconf 75' lang='lat' dir='ltr'>tt&#39;iqut&#39;dem,</span> 
     </span>
    </p>
   </div>
   <div class='ocr_carea' id='block_1_3' title="bbox 138 1959 1463 2409">
    <p class='ocr_par' dir='ltr' id='par_1_3' title="bbox 138 1959 1463 2107">
     <span class='ocr_line' id='line_1_28' title="bbox 181 1959 1463 2002; baseline 0.003 -13"><span class='ocrx_word' id='word_1_220' title='bbox 181 1959 191 1979; x_wconf 78' lang='lat'>¹</span> <span class='ocrx_word' id='word_1_221' title='bbox 217 1959 268 1990; x_wconf 86' lang='lat' dir='ltr'>Cs.</span> <span class='ocrx_word' id='word_1_222' title='bbox 288 1959 328 1989; x_wconf 84' lang='lat' dir='ltr'>ad</span> <span class='ocrx_word' id='word_1_223' title='bbox 346 1959 440 1989; x_wconf 77' lang='lat' dir='ltr'>Asin.</span> <span class='ocrx_word' id='word_1_224' title='bbox 463 1960 538 1997; x_wconf 87' lang='lat'>589,</span> <span class='ocrx_word' id='word_1_225' title='bbox 561 1969 632 1998; x_wconf 87' lang='lat'>593.</span> <span class='ocrx_word' id='word_1_226' title='bbox 669 1960 822 2000; x_wconf 77' lang='lat' dir='ltr'>vestigia</span> <span class='ocrx_word' id='word_1_227' title='bbox 839 1962 1047 2002; x_wconf 82' lang='lat' dir='ltr'>antiquitatis</span> <span class='ocrx_word' id='word_1_228' title='bbox 1066 1973 1140 1993; x_wconf 89' lang='lat' dir='ltr'>raro</span> <span class='ocrx_word' id='word_1_229' title='bbox 1159 1962 1189 1993; x_wconf 90' lang='lat' dir='ltr'>in</span> <span class='ocrx_word' id='word_1_230' title='bbox 1205 1963 1266 1993; x_wconf 86' lang='lat' dir='ltr'>hac</span> <span class='ocrx_word' id='word_1_231' title='bbox 1286 1968 1382 2002; x_wconf 84' lang='lat' dir='ltr'>parte</span> <span class='ocrx_word' id='word_1_232' title='bbox 1399 1963 1463 1994; x_wconf 85' lang='lat' dir='ltr'>nisi</span> 
     </span>
     <span class='ocr_line' id='line_1_29' title="bbox 139 2011 1462 2055; baseline 0.005 -15"><span class='ocrx_word' id='word_1_233' title='bbox 139 2021 198 2050; x_wconf 87' lang='lat' dir='ltr'>per</span> <span class='ocrx_word' id='word_1_234' title='bbox 215 2011 379 2040; x_wconf 81' lang='lat' dir='ltr'>inscitiam</span> <span class='ocrx_word' id='word_1_235' title='bbox 399 2017 543 2049; x_wconf 81' lang='lat' dir='ltr'>servata,</span> <span class='ocrx_word' id='word_1_236' title='bbox 561 2016 595 2041; x_wconf 87' lang='lat' dir='ltr'>ut</span> <span class='ocrx_word' id='word_1_237' title='bbox 614 2011 692 2042; x_wconf 86' lang='lat' dir='ltr'>illud</span> <span class='ocrx_word' id='word_1_238' title='bbox 709 2024 774 2052; x_wconf 84' lang='lat' dir='ltr'>quo</span> <span class='ocrx_word' id='word_1_239' title='bbox 791 2014 928 2044; x_wconf 78' lang='lat' dir='ltr'>iusserat</span> <span class='ocrx_word' id='word_1_240' title='bbox 946 2014 1057 2054; x_wconf 84' lang='lat' dir='ltr'>(Capt.</span> <span class='ocrx_word' id='word_1_241' title='bbox 1077 2015 1153 2053; x_wconf 55' lang='lat'>887]</span> <span class='ocrx_word' id='word_1_242' title='bbox 1173 2025 1235 2054; x_wconf 90' lang='lat' dir='ltr'>pro</span> <span class='ocrx_word' id='word_1_243' title='bbox 1252 2016 1370 2055; x_wconf 75' lang='lat' dir='ltr'>quoius</span> <span class='ocrx_word' id='word_1_244' title='bbox 1384 2020 1462 2055; x_wconf 78' lang='lat' dir='ltr'>erat,</span> 
     </span>
     <span class='ocr_line' id='line_1_30' title="bbox 138 2063 1344 2107; baseline 0.005 -14"><span class='ocrx_word' id='word_1_245' title='bbox 138 2073 213 2094; x_wconf 90' lang='lat' dir='ltr'>cum</span> <span class='ocrx_word' id='word_1_246' title='bbox 228 2069 399 2094; x_wconf 86' lang='lat' dir='ltr'>corrector</span> <span class='ocrx_word' id='word_1_247' title='bbox 417 2063 471 2094; x_wconf 89' lang='lat' dir='ltr'>illc</span> <span class='ocrx_word' id='word_1_248' title='bbox 489 2063 567 2104; x_wconf 72' lang='lat'><em>(13³)</em></span> <span class='ocrx_word' id='word_1_249' title='bbox 585 2065 741 2104; x_wconf 85' lang='lat' dir='ltr'>antiquae</span> <span class='ocrx_word' id='word_1_250' title='bbox 759 2067 1019 2107; x_wconf 81' lang='lat' dir='ltr'>orthographiae</span> <span class='ocrx_word' id='word_1_251' title='bbox 1036 2067 1224 2097; x_wconf 83' lang='lat' dir='ltr'>incuriosus</span> <span class='ocrx_word' id='word_1_252' title='bbox 1243 2071 1344 2099; x_wconf 85' lang='lat' dir='ltr'>esset.</span> 
     </span>
    </p>

    <p class='ocr_par' dir='ltr' id='par_1_4' title="bbox 140 2109 1461 2207">
     <span class='ocr_line' id='line_1_31' title="bbox 177 2109 1461 2159; baseline 0.005 -13"><span class='ocrx_word' id='word_1_253' title='bbox 177 2115 190 2136; x_wconf 82' lang='lat'><em>²</em></span> <span class='ocrx_word' id='word_1_254' title='bbox 215 2115 280 2147; x_wconf 85' lang='lat' dir='ltr'>Seu</span> <span class='ocrx_word' id='word_1_255' title='bbox 316 2115 617 2156; x_wconf 83' lang='lat' dir='ltr'>monosyllabicam</span> <span class='ocrx_word' id='word_1_256' title='bbox 654 2119 661 2132; x_wconf 90' lang='lat'><em>‘</em></span> <span class='ocrx_word' id='word_1_257' title='bbox 673 2109 794 2158; x_wconf 71' lang='lat' dir='ltr'>quoius</span> <span class='ocrx_word' id='word_1_258' title='bbox 806 2117 814 2131; x_wconf 93' lang='lat'>’</span> <span class='ocrx_word' id='word_1_259' title='bbox 843 2129 903 2150; x_wconf 86' lang='lat' dir='ltr'>seu</span> <span class='ocrx_word' id='word_1_260' title='bbox 935 2118 1107 2150; x_wconf 80' lang='lat' dir='ltr'>bibrevem</span> <span class='ocrx_word' id='word_1_261' title='bbox 1143 2117 1320 2159; x_wconf 57' lang='lat' dir='ltr'>‘quoyfisz’</span> <span class='ocrx_word' id='word_1_262' title='bbox 1376 2119 1461 2152; x_wconf 88' lang='lat' dir='ltr'>Nam</span> 
     </span>
     <span class='ocr_line' id='line_1_32' title="bbox 140 2170 1055 2207; baseline 0.007 -9"><span class='ocrx_word' id='word_1_263' title='bbox 140 2170 367 2207; x_wconf 81' lang='lat' dir='ltr'>‘grammatici</span> <span class='ocrx_word' id='word_1_264' title='bbox 388 2175 520 2201; x_wconf 84' lang='lat' dir='ltr'>certant</span> <span class='ocrx_word' id='word_1_265' title='bbox 539 2175 571 2200; x_wconf 90' lang='lat' dir='ltr'>et</span> <span class='ocrx_word' id='word_1_266' title='bbox 591 2171 699 2201; x_wconf 86' lang='lat' dir='ltr'>adhuc</span> <span class='ocrx_word' id='word_1_267' title='bbox 718 2172 781 2203; x_wconf 88' lang='lat' dir='ltr'>sub</span> <span class='ocrx_word' id='word_1_268' title='bbox 799 2173 905 2203; x_wconf 85' lang='lat' dir='ltr'>iudice</span> <span class='ocrx_word' id='word_1_269' title='bbox 923 2173 964 2203; x_wconf 87' lang='lat' dir='ltr'>lis</span> <span class='ocrx_word' id='word_1_270' title='bbox 981 2173 1055 2204; x_wconf 85' lang='lat' dir='ltr'>est.’</span> 
     </span>
    </p>

    <p class='ocr_par' dir='ltr' id='par_1_5' title="bbox 140 2220 1461 2314">
     <span class='ocr_line' id='line_1_33' title="bbox 181 2220 1461 2264; baseline 0.005 -15"><span class='ocrx_word' id='word_1_271' title='bbox 181 2221 193 2239; x_wconf 83' lang='lat'>³</span> <span class='ocrx_word' id='word_1_272' title='bbox 215 2220 298 2251; x_wconf 83' lang='lat' dir='ltr'>Vaco</span> <span class='ocrx_word' id='word_1_273' title='bbox 315 2232 449 2262; x_wconf 87' lang='lat' dir='ltr'>semper</span> <span class='ocrx_word' id='word_1_274' title='bbox 462 2222 596 2262; x_wconf 84' lang='lat' dir='ltr'>scripsi.</span> <span class='ocrx_word' id='word_1_275' title='bbox 611 2223 671 2253; x_wconf 85' lang='lat' dir='ltr'>sed</span> <span class='ocrx_word' id='word_1_276' title='bbox 687 2224 719 2253; x_wconf 90' lang='lat' dir='ltr'>in</span> <span class='ocrx_word' id='word_1_277' title='bbox 735 2225 810 2255; x_wconf 83' lang='lat' dir='ltr'>Cas.</span> <span class='ocrx_word' id='word_1_278' title='bbox 825 2235 888 2263; x_wconf 81' lang='lat'>527</span> <span class='ocrx_word' id='word_1_279' title='bbox 901 2235 966 2255; x_wconf 91' lang='lat' dir='ltr'>non</span> <span class='ocrx_word' id='word_1_280' title='bbox 987 2224 1078 2264; x_wconf 88' lang='lat' dir='ltr'>potui</span> <span class='ocrx_word' id='word_1_281' title='bbox 1092 2235 1158 2255; x_wconf 91' lang='lat' dir='ltr'>non</span> <span class='ocrx_word' id='word_1_282' title='bbox 1173 2225 1324 2256; x_wconf 80' lang='lat' dir='ltr'>scribere</span> <span class='ocrx_word' id='word_1_283' title='bbox 1335 2229 1461 2256; x_wconf 77' lang='lat' dir='ltr'>vocent:</span> 
     </span>
     <span class='ocr_line' id='line_1_34' title="bbox 140 2272 1429 2314; baseline 0.004 -12"><span class='ocrx_word' id='word_1_284' title='bbox 140 2272 202 2302; x_wconf 83' lang='lat' dir='ltr'>Fac</span> <span class='ocrx_word' id='word_1_285' title='bbox 220 2273 363 2303; x_wconf 85' lang='lat' dir='ltr'>habeant</span> <span class='ocrx_word' id='word_1_286' title='bbox 385 2274 530 2312; x_wconf 86' lang='lat' dir='ltr'>linguam</span> <span class='ocrx_word' id='word_1_287' title='bbox 550 2279 628 2305; x_wconf 87' lang='lat' dir='ltr'>tuae</span> <span class='ocrx_word' id='word_1_288' title='bbox 645 2276 758 2306; x_wconf 82' lang='lat' dir='ltr'>aedes.</span> <span class='ocrx_word' id='word_1_289' title='bbox 800 2275 889 2314; x_wconf 86' lang='lat' dir='ltr'>Quid</span> <span class='ocrx_word' id='word_1_290' title='bbox 909 2276 973 2307; x_wconf 70' lang='lat' dir='ltr'>ita?</span> <span class='ocrx_word' id='word_1_291' title='bbox 998 2275 1110 2314; x_wconf 84' lang='lat' dir='ltr'>Quom</span> <span class='ocrx_word' id='word_1_292' title='bbox 1128 2276 1274 2314; x_wconf 89' lang='lat' dir='ltr'>ueniam,</span> <span class='ocrx_word' id='word_1_293' title='bbox 1295 2282 1429 2308; x_wconf 87' lang='lat' dir='ltr'>nocent.</span> 
     </span>
    </p>

    <p class='ocr_par' dir='ltr' id='par_1_6' title="bbox 138 2324 1460 2409">
     <span class='ocr_line' id='line_1_35' title="bbox 181 2324 1460 2367; baseline 0.004 -13"><span class='ocrx_word' id='word_1_294' title='bbox 181 2324 192 2344; x_wconf 87' lang='lat'><strong>⁴</strong></span> <span class='ocrx_word' id='word_1_295' title='bbox 220 2325 427 2356; x_wconf 84' lang='lat' dir='ltr'>Disiunctam</span> <span class='ocrx_word' id='word_1_296' title='bbox 458 2325 670 2365; x_wconf 85' lang='lat' dir='ltr'>scripturam,</span> <span class='ocrx_word' id='word_1_297' title='bbox 706 2332 823 2366; x_wconf 86' lang='lat' dir='ltr'>utpote</span> <span class='ocrx_word' id='word_1_298' title='bbox 855 2327 962 2367; x_wconf 87' lang='lat' dir='ltr'>magis</span> <span class='ocrx_word' id='word_1_299' title='bbox 991 2327 1156 2366; x_wconf 85' lang='lat' dir='ltr'>usitatam,</span> <span class='ocrx_word' id='word_1_300' title='bbox 1190 2328 1321 2358; x_wconf 86' lang='lat' dir='ltr'>servavi</span> <span class='ocrx_word' id='word_1_301' title='bbox 1354 2327 1460 2359; x_wconf 84' lang='lat' dir='ltr'>sicubi</span> 
     </span>
     <span class='ocr_line' id='line_1_36' title="bbox 138 2377 648 2409; baseline 0.004 -2"><span class='ocrx_word' id='word_1_302' title='bbox 138 2377 298 2408; x_wconf 83' lang='lat' dir='ltr'>dubitatio</span> <span class='ocrx_word' id='word_1_303' title='bbox 324 2382 441 2408; x_wconf 87' lang='lat' dir='ltr'>extare</span> <span class='ocrx_word' id='word_1_304' title='bbox 463 2377 648 2409; x_wconf 83' lang='lat' dir='ltr'>videbatur.</span> 
     </span>
    </p>
   </div>
   <div class='ocr_carea' id='block_1_4' title="bbox 779 2431 815 2470">
    <p class='ocr_par' dir='ltr' id='par_1_7' title="bbox 779 2431 815 2470">
     <span class='ocr_line' id='line_1_37' title="bbox 779 2431 815 2470; baseline 0.028 -1"><span class='ocrx_word' id='word_1_305' title='bbox 779 2431 815 2470; x_wconf 91' lang='lat' dir='ltr'>vi</span> 
     </span>
    </p>
   </div>
  </div>
 </body>
</html>
