1727 2702
138 95 213 133 111.
235 96 263 134 ii
656 99 702 136 T.
738 99 916 138 MACCI
950 100 1152 138 PLAVTI

239 212 309 249 AL.
343 224 422 250 non
444 210 589 250 ornatis
610 210 671 250 isti
691 212 799 262 apud
822 224 892 249 uos
913 211 1099 262 nuptias?
1156 212 1225 251 Cr„
1258 225 1356 250 orno
1376 218 1413 250 et
1435 224 1539 262 paro.

237 277 308 314 AL.
342 290 421 315 non
456 289 548 327 ergo
581 290 681 327 opus
715 285 773 315 est
806 276 1025 315 adiutrice?
1081 277 1151 316 CL.
1184 276 1266 314 sati'
1301 276 1456 315 domist.
1498 275 1564 315 ubi

1408 341 1567 392 nuptiae

234 407 386 454 fuerint,
428 414 512 445 tum
551 406 664 445 istam
704 406 939 445 conuenibo.
1005 420 1109 444 nunc
1150 408 1245 453 uale,
1286 415 1405 456 atque
1444 406 1567 444 istanc

1410 471 1568 509 iube.—

235 539 308 576 AL.
340 536 436 587 quid
457 549 531 587 ego
551 549 657 574 nunc
678 536 849 574 faciam?
879 535 1066 586 flagitium
1090 549 1316 574 maxumum
1343 535 1415 573 feci
1439 535 1555 574 miser

175 621 214 643 20
235 610 394 654 propter
414 615 573 652 operam
595 601 697 639 illius
718 601 846 651 hirqui
869 601 1033 651 inprobi,
1059 601 1245 647 edentuli,
1589 612 1656 649 550

235 666 302 718 qui
324 668 399 705 hoe
421 666 517 705 rnihi
537 665 729 705 contraxit
744 681 753 713 3
783 679 942 716 operam
965 665 1094 704 uxoris
1115 665 1303 715 polliceor
1323 666 1436 712 foras,

234 731 346 783 quasi
367 731 594 770 catillatum.
653 730 840 781 flagitium
863 730 1046 777 hominis,
1070 730 1136 780 qui
1158 730 1253 768 dixit
1276 730 1370 768 mihi

236 809 347 836 suam
382 809 542 835 uxorem
582 797 684 834 hanc
717 795 987 834 arcessituram
1023 808 1131 842 esse;
1175 808 1220 833 ea
1253 808 1294 833 se
1328 808 1414 833 eam
1454 793 1570 845 negat

1373 859 1566 898 morarier.

238 934 356 978 atque
377 928 520 977 edepol
541 926 681 965 mirum
705 925 743 964 ni
765 926 920 964 subolet
941 925 1017 964 iarn
1039 927 1115 964 hoc
1137 924 1227 963 huic
1249 924 1402 962 uicinae
1424 937 1545 963 meae.

180 1004 219 1036 ²5
239 1005 375 1031 uerum
395 999 527 1030 autem
548 993 808 1030 altrouorsum
825 991 946 1041 quom
963 1003 1050 1028 eam
1072 1003 1226 1028 mecum
1249 989 1439 1028 rationem
1462 996 1568 1040 puto,
1592 1000 1655 1038 555

239 1058 268 1096 si
291 1057 386 1109 quid
407 1056 504 1097 eiius
525 1064 638 1104 esset,
661 1063 764 1095 esset
785 1069 940 1095 mecum
962 1055 1186 1106 postulatio.

238 1123 304 1162 ibo
325 1122 437 1170 intro,
461 1130 502 1161 ut
523 1122 742 1160 subducam
765 1120 898 1160 nauim
920 1134 1053 1159 rusum
1075 1120 1113 1158 in
1136 1119 1422 1171 puluinaria.—

240 1189 311 1228 CL.
343 1187 419 1227 iarn
441 1187 505 1226 hic
521 1195 579 1226 est
595 1186 725 1238 lepide
743 1186 975 1225 ludificatus.
1029 1186 1157 1225 miseri
1175 1194 1216 1224 ut
1238 1185 1422 1224 festinant
1439 1187 1570 1223 senes!

240 1266 346 1292 nunc
366 1265 439 1304 ego
455 1252 563 1291 illtim
585 1251 706 1298 nihili,
726 1251 969 1302 decrepitum
993 1264 1124 1289 meum
1146 1250 1273 1289 uirum
1290 1250 1421 1289 ueniat
1439 1249 1568 1297 uelim,

180 1330 222 1362 30
241 1326 283 1357 ut
303 1331 392 1357 eum
415 1318 614 1358 ludificem
636 1316 820 1363 uicissim,
844 1324 1052 1367 postquam
1075 1317 1181 1354 hunc
1201 1316 1326 1354 delusi
1347 1317 1522 1354 alterum.
1592 1320 1659 1365 560

242 1396 332 1423 nam
354 1396 427 1434 ego
446 1382 594 1434 aliquid
616 1383 846 1421 contrahere
867 1382 985 1432 cupio
1007 1381 1100 1431 litigi
1123 1381 1222 1420 inter
1242 1393 1310 1420 eos
1331 1382 1442 1419 duos.

241 1449 310 1487 sed
331 1461 468 1487 eccum
490 1447 647 1486 incedit.
697 1455 747 1494 at,
770 1455 891 1498 quom
913 1447 1078 1497 aspicias
1100 1446 1259 1492 tristem,
1279 1446 1374 1497 frugi
1397 1458 1567 1484 censeas.

179 1559 223 1597 iii
499 1561 828 1597 LvsrnAmvs
939 1559 1310 1597 CLEVSTRATA

243 1642 311 1679 Lv.
344 1640 513 1680 Stultitia
535 1653 675 1690 magna
695 1647 763 1685 est,
788 1652 875 1678 mea
895 1639 1056 1690 quidem
1078 1638 1281 1684 sententia,

240 1705 441 1745 hominem
462 1712 676 1743 amatorem
699 1705 821 1742 ullum
843 1705 893 1742 ad
915 1705 1040 1742 forum
1063 1704 1286 1754 procedere,

241 1771 279 1808 in
299 1783 389 1809 eum
411 1769 515 1808 diem
537 1769 629 1819 quoi
651 1770 759 1819 quod
780 1777 884 1807 amet
906 1769 944 1806 in
966 1769 1117 1806 mundo
1137 1768 1234 1815 siet;
1591 1772 1655 1818 565

241 1835 340 1874 sicut
359 1848 433 1885 ego
454 1834 525 1873 feei
547 1835 711 1872 stultus:
743 1834 907 1872 contriui
931 1834 1050 1880 diem,

203 1913 220 1944 5
241 1901 334 1939 dum
355 1907 441 1938 asto
461 1901 678 1938 aduocatus
700 1900 886 1950 quoidam
910 1907 1077 1949 cognato
1099 1912 1212 1945 meo;

239 1978 356 2015 quem
379 1966 508 2003 hercle
529 1978 602 2015 ego
623 1965 729 2003 litem
751 1967 852 2003 adeo
874 1964 1089 2016 perdidisse
1109 1964 1276 2012 gaudeo,

240 2043 289 2068 ne
311 2043 372 2068 me
393 2030 632 2081 nequiquam
655 2030 726 2068 sibi
750 2030 868 2068 hodie
889 2028 1152 2067 aduocaucrit.

241 2107 331 2133 nam
354 2108 442 2134 meo
463 2096 623 2146 quidem
645 2095 778 2134 animo
799 2095 862 2144 qui
886 2095 1099 2132 aduocatos
1120 2094 1288 2131 aduocet
1589 2105 1657 2142 570

285 2203 349 2241 546
373 2211 433 2232 nos
451 2200 483 2231 Ρ
642 2210 706 2239 550
732 2199 872 2238 improbi
902 2196 1026 2240 (olidi)
1051 2196 1195 2233 I'nlmer,
1223 2197 1275 2225 cm'
1297 2195 1405 2226 hiatus
1431 2194 1570 2235 displice!

242 2254 304 2284 552
329 2244 461 2276 catinae
489 2250 559 2274 tum
592 2244 621 2275 T
758 2252 820 2281 553
845 2252 919 2272 csse
945 2241 997 2270 del
1033 2240 1203 2270 Acidalt'us
1345 2249 1407 2278 555
1441 2249 1506 2278 quo
1532 2239 1564 2268 A

243 2289 373 2319 ratione
402 2288 433 2319 P
534 2289 599 2326 556
623 2292 712 2317 esset
731 2285 875 2315 semelP
976 2294 1037 2323 557
1063 2283 1284 2323 puluinar-ium
1306 2282 1337 2311 Ρ
1436 2291 1499 2321 559
1523 2282 1571 2311 vel

242 2331 342 2364 illunc
444 2333 506 2371 565
532 2337 618 2362 amat
636 2331 667 2360 A
777 2330 839 2368 568
864 2328 1016 2368 perdissc
1030 2327 1061 2358 P
1161 2336 1224 2366 570
1247 2337 1313 2356 ont.
1334 2326 1365 2356 Ρ
1382 2326 1441 2362 (iii,
1458 2336 1487 2364 p.
1508 2335 1566 2364 5ο,
