1727 2712
647 178 972 218 BACCHIDES

145 291 222 331 CH.
254 290 319 330 ille
338 298 396 330 est
416 298 600 330 oneratus
620 298 725 330 recte
745 298 783 329 et
803 291 891 341 plus
911 290 1014 329 iusto
1035 290 1153 329 uehit.

59 367 127 403 350
144 370 281 395 exorsa
299 354 596 411 haecfela‘jnon
618 357 720 394 male
740 355 905 394 omnino
926 355 1021 394 mihi
1042 364 1100 395 est
1119 371 1127 395 ε

144 429 187 460 ut
205 411 560 460 amantem‘efilem
581 434 723 472 copem
742 417 912 460 facerem
933 421 1066 468 filium,

145 486 198 524 ita
217 486 292 525 feci
312 495 359 541 ut
374 486 457 524 auri
478 495 671 537 quantum
691 485 810 535 uellet
831 494 1013 534 sumeret,

145 542 338 601 quantum
357 559 490 590 autem
510 552 644 591 lubeat
663 552 828 590 reddere
848 559 890 589 ut
910 552 1048 590 reddat
1068 551 1179 602 patri.

146 630 265 655 senex
285 616 325 654 in
346 618 551 667 Ephesum
571 615 699 668 (hinc)
717 616 789 654 ibit
809 629 948 654 aurum
968 629 1175 663 arcessere,

59 693 124 729 355
146 682 210 720 hic
229 690 362 720 nostra
381 690 516 732 agetur
535 691 642 720 aetas
662 681 702 719 in
723 683 919 720 malacum
941 683 1116 728 modum,

146 747 341 797 siquidem
362 727 640 805 hichlinquet
658 728 790 797 Qque
811 760 945 785 secum
966 747 1137 785 abducet
1157 759 1277 785 senex

146 814 238 852 med
258 820 296 851 et
318 804 629 865 Mnesilgocfffi‘m„
684 826 782 863 quas
803 826 876 862 ego
896 811 960 850 hic
980 812 1113 850 turbas
1134 812 1239 850 dabo
1259 815 1265 849 !

146 879 216 917 sed
236 877 334 928 quid
353 879 577 926 futurumst,
598 891 722 928 quom
743 879 820 916 hoc
841 891 961 916 senex
982 876 1192 923 resciuerit,

146 957 268 993 quom
290 957 331 982 se
351 943 615 982 excucurrisse
634 943 727 982 illuc
747 944 886 981 frustra
906 942 1061 981 sciuerit

60 1010 130 1054 360
146 1021 300 1058 nosque
318 1021 457 1046 aurum
477 1008 652 1047 abusos?
681 1008 777 1058 quid
798 1007 894 1045 mihi
916 1008 981 1045 fiet
1001 1009 1167 1057 postea?

146 1074 267 1112 credo
286 1074 416 1112 hercle
436 1073 823 1121 aduenie‘fmnomen
844 1072 1012 1111 mutabit
1033 1072 1129 1110 mihi

147 1139 342 1190 facietque
361 1141 561 1190 extemplo
582 1139 829 1179 Crucisalum
851 1152 914 1177 me
930 1152 976 1177 ex
997 1138 1198 1188 Chrysalo.

146 1206 335 1255 aufugero
354 1206 496 1253 hercle,
519 1204 551 1243 si
571 1201 694 1255 magi's
714 1217 808 1243 usus
829 1203 990 1243 uenerit.

148 1270 179 1308 si
200 1283 267 1308 ero
286 1271 558 1320 reprehensus,
581 1278 714 1309 macto
733 1283 808 1319 ego
828 1269 937 1308 illum
959 1268 1198 1307 infortunio:

62 1338 126 1381 365
148 1335 179 1374 si
200 1335 254 1374 issi
274 1344 365 1374 sunt
385 1335 517 1387 uirgae
536 1335 625 1382 ruri,
646 1342 688 1387 at
706 1334 804 1373 mihi
824 1342 976 1385 tergum
996 1333 1153 1388 domist:

147 1414 253 1439 nunc
274 1401 353 1448 ibo,
375 1400 457 1439 erili
478 1400 559 1439 filio
579 1402 682 1438 hanc
702 1399 891 1438 fabricam
912 1400 1018 1438 dabo

147 1479 264 1516 super
282 1479 379 1504 auro
398 1465 605 1516 amicaque
625 1465 710 1504 eius
730 1465 893 1504 inuenta
914 1464 1182 1503 Bacchide.—

631 1613 869 1661 ACTVS
922 1613 1000 1659 III

727 1709 910 1746 LYDvs

1422 179 1474 215 ΙΙ.
1496 178 1541 215 iii

1504 303 1563 333 115

1504 627 1566 650 120

1507 956 1567 987 1²5

1508 1278 1570 1310 130

1510 1703 1588 1741 III.
1610 1703 1625 1739 i

147 1794 218 1831 Lv.
252 1792 421 1830 Pandite
449 1799 568 1842 atque
597 1790 745 1842 aperite
774 1803 938 1841 propere
969 1790 1126 1828 ianuam
1157 1790 1259 1827 hanc
1289 1789 1393 1835 Orci,
1423 1801 1489 1838 op-

1363 1867 1484 1892 SQCI‘O.

148 1936 239 1961 nam
255 1922 442 1973 equidem
457 1923 564 1960 haud
579 1921 691 1960 aliter
703 1934 789 1960 esse
803 1922 920 1967 duco,
936 1920 1083 1971 quippe
1096 1920 1163 1970 qui
1180 1932 1298 1957 nemo
1313 1918 1485 1964 aduenit,

61 1997 130 2032 370
147 1988 222 2026 nisi
242 2001 361 2038 quern
381 2000 472 2038 spes
492 1987 683 2036 reliquere
703 1999 841 2024 omnes
862 1999 947 2024 esse
967 1994 1010 2023 ut
1030 1985 1128 2034 frugi
1150 1984 1305 2035 possiet.

150 2054 368 2092 Bacchides
387 2065 469 2091 non
491 2052 723 2098 Bacchides,
746 2052 817 2101 sed
839 2052 1021 2089 Bacchae
1041 2059 1131 2088 sunt
1151 2062 1386 2088 acerrumae.

146 2132 269 2169 apage
287 2118 380 2156 istas
399 2131 422 2156 a
442 2131 509 2156 me
526 2131 692 2164 sorores,
712 2130 814 2167 quae
834 2117 1042 2155 hominum
1063 2117 1222 2154 sorbent
1243 2114 1485 2164 sanguinem.
1510 2124 1526 2154 5

89 2205 91 2209 <
148 2183 276 2221 omnis
297 2185 347 2222 ad
367 2183 582 2233 perniciem
603 2182 792 2221 instructa
813 2183 958 2220 domus
979 2182 1112 2231 opime
1133 2189 1252 2231 atque
1272 2179 1443 2229 opipare.

149 2248 253 2299 quae
271 2256 314 2287 ut
332 2248 476 2299 aspexi,
500 2262 564 2286 me
584 2248 776 2287 continuo
796 2247 945 2286 contuli
966 2247 1162 2297 protinam
1184 2246 1223 2284 in
1245 2246 1376 2295 pedes.

198 2363 260 2392 354
285 2353 362 2384 hinc
393 2351 468 2384 add.
502 2352 715 2383 Camerarius
869 2352 933 2390 362
953 2349 1245 2391 p›v›1unt1'a›1dum
1275 2359 1318 2378 ex
1349 2347 1490 2396 Crusalo

149 2398 215 2436 366
238 2397 286 2427 fil.
303 2397 375 2427 eius
394 2397 429 2426 h.
446 2395 512 2427 cod.
531 2396 603 2434 (sed
617 2406 699 2426 corr.
716 2396 750 2425 in
766 2394 814 2436 Β)
834 2395 889 2434 (cf
907 2396 987 2434 367)
1121 2395 1186 2432 369
1212 2402 1279 2432 quo
1304 2392 1492 2422 Lambmus

149 2451 214 2481 373
237 2441 409 2480 opiparest
426 2439 551 2471 Rz'tschl
