1727 2702
143 86 212 126 IV.
236 89 280 126 iii
656 88 703 128 T.
738 90 919 130 MACCI
951 88 1154 128 PLAVTI

237 201 307 240 LY.
339 201 435 252 perii
457 203 610 241 hercle!
640 215 727 241 rure
747 201 824 240 iam
846 201 960 241 rediit
980 215 1076 240 uxor
1097 215 1207 240 mea:
1587 214 1653 252 705
1693 190 1705 238 ἕ

236 266 382 306 uidisse
402 269 522 306 credo
543 266 747 306 mulierem
767 265 910 320 (illam)
929 267 968 305 in
989 266 1164 306 aedibus.
1699 254 1705 261 '

235 333 305 370 sed
326 346 428 382 quae
448 333 632 382 loquatur
650 331 836 371 exaudire
857 331 949 370 hinc
970 345 1051 370 non
1072 345 1186 381 queo.

234 398 421 436 accedam
451 398 622 449 propius.
684 399 761 437 Do.
794 411 869 436 uae
890 397 1054 436 miserae
1075 397 1151 435 mi!
1210 398 1280 435 Lv.
1313 396 1436 435 immo
1458 395 1565 435 mihi.

176 474 215 496 10
237 463 311 500 Do.
345 462 504 513 disperii
522 466 529 501 ἔ
589 465 658 501 Lv.
691 462 879 514 equidem
899 463 1033 501 hercle
1051 460 1201 513 oppido
1224 460 1321 512 perii
1343 461 1482 500 miser!
1701 502 1707 507 ,

235 527 344 566 uidit.
403 535 446 566 ut
467 535 505 566 te
525 541 676 576 omnes,
700 527 915 579 Demipho,
937 526 979 566 di
998 526 1207 578 perduint!
1587 535 1657 569 710

239 593 313 630 Do.
347 593 413 643 pol
434 593 511 632 hoc
531 600 590 632 est
611 592 666 631 ire
685 593 795 643 quod
816 606 880 631 rus
901 593 1003 631 meu‘
1023 591 1083 630 uir
1103 590 1239 630 noluit.

237 659 305 695 Lv.
338 657 435 708 quid
455 671 563 696 nunc
583 671 657 708 ego
678 656 819 697 faciam
838 656 914 696 nisi
934 657 991 695 uti
1011 657 1152 695 adeam
1172 663 1293 707 atque
1312 656 1534 706 adloquar?

234 722 343 761 iubet
364 724 515 761 saluere
535 725 619 761 suo'
638 722 698 761 uir
717 736 879 761 uxorem
899 736 1022 761 suam.

177 803 214 835 15
234 787 374 826 urbani
394 789 495 826 fiunt
514 786 678 826 rustici?
735 790 812 827 Do.
844 787 1028 839 pudicius

235 853 383 892 faciunt
403 867 523 904 quam
544 852 599 891 illi
620 851 688 903 qui
708 867 790 892 non
810 854 911 891 fiunt
932 851 1074 891 rustici.
1587 859 1654 896 715

235 921 307 957 Lv.
338 932 432 956 num
453 918 553 969 quid
571 918 807 969 delinquont
827 917 991 956 rustici?
1047 920 1124 957 Do.
1157 925 1310 957 ecastor
1330 915 1460 955 minus

234 997 353 1034 quam
375 983 515 1022 urbani
535 991 574 1022 et
594 985 722 1022 multo
742 983 862 1021 minu'
884 982 976 1021 mali
996 990 1190 1033 quaerunt
1210 982 1295 1021 sibi.

235 1050 304 1087 Lv.
338 1047 434 1098 quid
454 1056 587 1087 autem
608 1047 748 1086 urbani
768 1047 1049 1098 deliquerunt?
1077 1048 1142 1086 dic
1163 1046 1270 1095 mihi,

177 1131 216 1153 20
234 1114 352 1165 cupio
373 1115 503 1153 hercle
524 1113 632 1152 scire.
693 1115 770 1152 Do.
803 1114 874 1152 sed
895 1120 937 1151 tu
958 1126 1021 1151 me
1042 1120 1211 1164 temptas
1232 1112 1370 1152 sciens.

235 1179 354 1230 quoia
374 1179 439 1217 illa
459 1178 599 1218 mulier
618 1179 770 1217 intust?
826 1180 896 1216 Lv.
929 1177 1116 1217 uidistine
1135 1191 1223 1217 eam
1236 1179 1254 1216 ?
1587 1186 1657 1222 720
1706 1175 1713 1231 ’1

237 1246 313 1283 Do.
337 1244 431 1282 uidi.
492 1245 562 1282 Lv.
585 1243 705 1294 quoia
724 1257 771 1282 ea
791 1243 839 1282 sit
860 1242 1032 1294 rogitas?
1089 1245 1166 1282 Do.
1193 1243 1402 1283 resciscam
1423 1250 1565 1281 tamen.

238 1311 307 1348 Lv.
342 1309 408 1347 uin
431 1309 561 1348 dicam
583 1308 769 1359 quoiast?
797 1307 984 1347 illa—illa
1003 1309 1278 1359 edepol—uae
1298 1308 1394 1347 mihi
1413 1311 1419 1346 !

235 1374 370 1413 nescio
391 1373 488 1424 quid
508 1373 650 1412 dicam.
713 1375 789 1412 Do.
821 1372 970 1411 haeres.
1032 1374 1101 1411 LY.
1133 1374 1211 1412 hau
1233 1373 1315 1412 uidi
1337 1372 1469 1424 magis.

176 1450 214 1483 ²5
238 1441 314 1478 Do.
347 1439 442 1489 quin
464 1438 593 1477 dicis?
650 1440 720 1477 Lv.
752 1438 849 1489 quin
869 1438 901 1476 si
922 1437 1172 1477 liceat—Do.
1195 1438 1347 1477 dictum
1368 1436 1551 1488 oportuit.

238 1506 307 1543 LY.
341 1517 422 1542 non
442 1517 619 1554 possum,
641 1502 694 1541 ita
715 1502 861 1552 insta53
891 1516 1004 1553 urges
1024 1502 1137 1553 quasi
1157 1516 1229 1554 pro
1250 1503 1379 1542 noxio.
1588 1511 1653 1548 725
1710 1511 1713 1518 '

238 1572 314 1608 Do.
347 1569 440 1615 scio,
464 1568 668 1608 innoxiu's.
729 1570 798 1607 Lv.
830 1570 1018 1607 audacter
1037 1568 1220 1619 quamuis
1239 1568 1373 1608 dicito.
1708 1560 1710 1563 ’

238 1637 314 1674 Do.
351 1634 440 1673 dice
474 1633 600 1684 igitur.
674 1635 744 1672 Lv.
781 1633 924 1673 dicam.
1000 1635 1077 1672 Do.
1114 1633 1223 1685 atqui
1257 1634 1477 1673 dicundum
1512 1641 1571 1672 est

1424 1706 1568 1738 tamen.

238 1767 307 1805 Lv.
340 1764 616 1804 illast—etiam
637 1763 697 1802 uis
717 1777 865 1803 nomen
885 1764 1046 1803 dicam?
1104 1765 1180 1802 Do.
1213 1763 1309 1802 nihil
1329 1763 1425 1814 agis,

176 1848 219 1880 30
237 1832 461 1870 manufesto
482 1838 601 1868 teneo
620 1829 659 1868 in
681 1829 807 1869 noxia.
870 1831 941 1867 Lv.
971 1842 1050 1880 qua
1070 1829 1215 1867 noxia?

238 1896 475 1947 istaquidem
507 1895 572 1933 illa
603 1903 672 1934 est.
747 1896 824 1933 Do.
862 1908 964 1946 quae
999 1893 1063 1932 illa
1094 1895 1182 1933 est?
1257 1895 1326 1932 Lv.
1369 1892 1568 1932 illa—Do.
1592 1904 1661 1941 730

1404 1957 1569 1999 †iohia†

239 2028 308 2065 Lv.
341 2024 508 2064 iam—si
529 2024 627 2063 nihil
647 2038 742 2063 usus
762 2032 876 2072 esset,
898 2023 976 2062 iam
998 2037 1079 2063 non
1100 2022 1284 2063 dicerem.

282 2131 344 2169 706
362 2128 450 2160 illam
468 2127 547 2160 add.
564 2126 692 2159 Ritsclzl
779 2137 840 2167 707
858 2137 948 2167 queo
963 2125 1119 2167 Pylades:
1138 2137 1206 2166 quo
1223 2126 1286 2157 cod.
1306 2125 1372 2165 (vii.
1385 2126 1416 2156 κδ
1508 2126 1570 2165 708

239 2175 311 2205 mis.
334 2174 412 2203 mihi
435 2172 500 2204 cod.
639 2181 761 2211 714—51
781 2172 853 2211 fere
872 2171 1000 2201 nihilA
1145 2180 1207 2210 715
1232 2168 1296 2209 illi]
1321 2169 1440 2200 urbani
1461 2168 1567 2209 Goetz,

237 2218 289 2247 (ιη’
309 2227 408 2256 quam
430 2216 434 2258 1
456 2216 501 2246 illi
529 2215 669 2256 dt'splia’t
802 2225 864 2254 719
887 2218 961 2255 post
985 2224 1042 2253 721
1065 2225 1071 2244 :
1103 2215 1174 2244 tras.
1201 2214 1303 2244 Bothe
1434 2223 1497 2254 725
1525 2212 1574 2244 vel

237 2261 282 2291 sic
296 2261 458 2300 distingue
474 2262 591 2298 instas,
610 2269 710 2297 urges
864 2268 924 2297 727
949 2263 981 2288 at
1000 2258 1079 2297 quid
1101 2258 1134 2288 B
1242 2258 1362 2298 dicam,
1379 2256 1568 2300 <ao—Do.

238 2305 329 2343 atqui
345 2303 481 2344 Seyffert
613 2313 676 2342 729
700 2301 835 2332 innoxia
854 2301 923 2343 [cs]
940 2300 1024 2332 cod.:
1047 2311 1085 2332 cs
1100 2300 1159 2332 del.
1179 2300 1295 2331 Dousa
1410 2311 1475 2340 qua
1491 2298 1571 2342 (in)

238 2348 416 2378 Abraham
551 2356 614 2385 730
638 2347 684 2377 vel
701 2346 798 2376 illaec
