1727 2702
131 115 208 155 111.
231 119 277 156 iii
649 119 695 158 T.
730 120 909 161 MACCI
943 121 1145 160 PLAVTI

233 233 319 269 MN.
352 231 447 282 quid
482 235 628 272 sactum
664 235 754 272 est?
811 235 880 272 Lv.
914 233 1157 273 meretricem
1196 234 1357 286 indigne
1394 234 1556 284 deperit.
1578 246 1648 282 470

1138 301 1227 338 MN.
1259 313 1339 339 non
1361 308 1402 338 tu
1423 301 1561 338 taces?

231 361 301 400 Lv.
333 370 452 413 atque
471 376 673 403 acerrume
693 371 940 403 aestuosam:
970 364 1156 414 apsorbet
1185 363 1253 403 ubi
1280 377 1480 415 quemque
1508 371 1559 402 at·

1463 429 1560 480 tigit.

231 494 317 532 MN.
351 494 417 532 ubi
439 494 485 533 ea
505 493 643 533 mulier
664 494 843 534 habitat?
902 496 970 533 Lv.
995 494 1068 533 hic.
1130 496 1216 533 MN.
1241 495 1347 534 unde
1367 508 1454 534 eam
1475 507 1561 533 esse

1064 559 1203 598 aiunt?
1261 561 1329 598 ΙΝ.
1362 573 1408 598 ex
1429 561 1557 598 Sarno.

231 624 318 660 MN.
351 636 452 673 quae
475 626 666 663 uocatur?
723 626 793 662 Lv.
828 623 1004 662 Bacchis.
1067 625 1154 662 MN.
1187 637 1300 671 erras,
1324 625 1433 674 Lyde
1451 639 1457 661 :
1487 638 1561 674 ego

231 729 234 732 Δ
1194 703 1354 728 omnem
1376 703 1456 728 rem
1478 689 1560 728 scio

172 755 212 799 7⁶
229 767 347 803 quem
374 755 424 793 ad
455 755 666 794 modumst.
727 762 767 793 tu
801 754 1056 793 Pistoclerum
1087 755 1185 793 falso
1213 762 1332 804 atque
1362 754 1559 792 insontem

646 811 649 814 ’
1418 819 1555 869 arguis.

228 897 317 921 nam
341 883 404 922 ille
424 884 553 924 amico
573 892 611 924 et
634 884 885 924 beneuolenti
906 897 979 924 suo
999 884 1124 924 sodali
1146 885 1285 923 sedulo

228 962 307 986 rem
327 950 552 988 mandatam
567 950 800 1000 exsequitur.
846 949 953 1000 ipsus
970 963 1100 1000 neque
1115 956 1220 988 amat
1234 962 1307 987 nec
1324 956 1364 987 tu
1381 949 1556 987 creduas.

229 1014 298 1051 Lv.
332 1013 436 1053 itane
456 1022 610 1066 oportet
632 1029 712 1054 rem
735 1016 961 1054 mandatam
982 1028 1114 1065 gerere
1133 1013 1250 1053 amici
1271 1015 1421 1060 sedulo,
1474 1024 1476 1026 ’
1548 1004 1552 1008 „

228 1078 397 1134 iij—ipsus
417 1080 662 1119 osculantem
685 1080 723 1117 in
744 1080 893 1131 gremio
915 1079 1118 1118 mulierem
1140 1087 1272 1119 teneat
1293 1080 1465 1118 sedens?

170 1154 208 1187 75
228 1144 364 1180 nullon
386 1152 502 1193 pacto
523 1158 583 1183 res
605 1146 791 1184 mandata
811 1153 940 1195 potest
960 1145 1032 1195 agi,
1056 1145 1129 1184 nisi
1151 1144 1368 1184 identidem

1576 891 1644 926 475

228 1220 367 1246 manus
389 1210 484 1247 ferat
507 1211 584 1249 †ad
606 1210 810 1261 papillas†‚
834 1211 941 1249 labra
961 1224 984 1249 a
1003 1210 1120 1249 labris
1142 1223 1338 1261 nusquam
1359 1210 1538 1262 auferat?
1577 1214 1648 1257 480

226 1273 317 1311 nam
338 1273 413 1312 alia
435 1288 651 1314 memorare
671 1289 773 1325 quae
795 1275 903 1314 illum
925 1277 1052 1314 facere
1073 1275 1154 1315 uidi
1176 1275 1384 1327 dispudet:

226 1352 347 1388 quom
371 1353 531 1378 manum
553 1341 627 1379 sub
648 1340 885 1380 uestimenta
904 1342 955 1380 ad
976 1354 1118 1392 corpus
1140 1341 1267 1380 tetulit
1290 1340 1479 1379 Bacchidi

227 1418 290 1442 me
311 1412 526 1455 praesente,
550 1419 680 1455 neque
701 1407 849 1456 pudere
870 1406 1094 1458 quicquam.
1143 1406 1242 1457 quid
1263 1405 1393 1445 uerbis
1414 1413 1530 1456 opust
1543 1406 1567 1457 Ρ,

167 1475 208 1505 80
228 1470 321 1507 mihi
344 1470 571 1520 discipulus,
595 1471 664 1509 tibi
686 1471 831 1510 sodalis
853 1471 976 1522 periit,
999 1473 1091 1510 hu'ic
1113 1471 1240 1519 filius;

227 1535 318 1572 nzim
341 1548 413 1585 ego
435 1535 542 1574 illum
565 1535 724 1586 periisse
745 1536 836 1575 dico
856 1536 949 1586 quoi
971 1536 1133 1586 quidem
1155 1535 1266 1587 periit
1288 1536 1426 1586 pudor.

226 1599 322 1649 quid
343 1608 460 1651 opust
481 1602 642 1640 uerbis?
671 1602 701 1640 si
723 1602 890 1653 opperiri
913 1604 1055 1642 uellem
1079 1602 1290 1653 paullisper
1311 1603 1444 1648 modo,

225 1673 267 1703 ut
287 1665 419 1716 opino,
443 1666 544 1705 illius
566 1667 812 1718 inspectandi
834 1668 887 1706 mi
908 1676 1010 1707 esset
1031 1667 1154 1707 maior
1174 1667 1302 1718 copia,

225 1732 312 1781 plus
343 1731 520 1771 uiderem
549 1746 669 1783 quam
699 1734 867 1781 deceret,
900 1747 1019 1784 quarn
1050 1747 1113 1772 me
1142 1740 1260 1784 atque
1290 1732 1357 1772 illo
1385 1745 1555 1783 aequom

1444 1799 1552 1837 foret.

165 1868 206 1909 85
228 1863 314 1900 MN.
347 1862 550 1913 perdidisti
573 1877 648 1911 me,
669 1864 825 1903 sodalis.
885 1877 1010 1914 egone
1031 1871 1073 1902 ut
1093 1863 1199 1902 illam
1221 1862 1425 1902 mulierem

224 1926 362 1977 capitis
383 1941 462 1966 non
485 1929 677 1978 perdam?
707 1929 829 1979 perire
851 1943 914 1968 me
935 1928 1047 1967 malis
1069 1928 1201 1967 malim
1224 1927 1363 1966 modis.

223 1991 324 2031 satin
346 2000 387 2030 ut
408 2006 525 2042 quem
549 2001 589 2031 tu
608 1994 753 2032 habeas
771 1995 927 2032 fidelem
946 1993 1015 2032 tibi
1031 2001 1098 2032 aut
1112 1993 1205 2044 quoi
1221 1994 1358 2032 credas
1372 1992 1555 2031 nescias?

155 2052 184 2063 '⁴
224 2058 294 2095 Lv.
326 2056 445 2096 uiden
468 2065 509 2095 ut
529 2071 642 2108 aegre
664 2058 807 2108 patitur
827 2066 989 2107 gnatum
1011 2057 1096 2096 e‘sse
1117 2065 1342 2108 corruptum
1364 2065 1489 2105 tuom,

266 2170 324 2199 471
352 2165 542 2192 aestuosam
562 2160 642 2192 Leo:
668 2166 826 2192 aestuoso
843 2160 906 2194 cod.
922 2161 958 2196 (i.
978 2163 1030 2199 ιο)
1119 2170 1253 2200 queque
1268 2161 1302 2200 (ι’.
1316 2171 1341 2191 e.
1357 2171 1511 2200 quaeque
1524 2161 1550 2201 ³)

223 2203 299 2233 Ρ(ῑο
441 2215 503 2243 472
529 2214 605 2236 esse
639 2215 711 2235 cam
751 2205 886 2235 Gut'etus
1032 2205 1096 2243 476
1119 2205 1227 2245 incipit
1251 2204 1283 2233 A
1377 2215 1418 2235 ne
1449 2210 1483 2235 tu
1516 2204 1549 2235 A

222 2249 286 2285 478
311 2248 417 2287 ipsius
444 2248 517 2278 1³⁶⁰
628 2249 872 2279 auscultantem
900 2249 931 2278 in
966 2249 1096 2287 gremio
1122 2248 1155 2278 A
1304 2258 1366 2286 479
1392 2248 1483 2278 nullo
1514 2247 1547 2278 A

221 2292 286 2328 ⁴80
311 2292 450 2332 merant)
468 2292 500 2321 A
520 2303 526 2322 :
551 2291 633 2322 strat
651 2291 727 2334 (ci)
744 2291 809 2322 Leo
899 2291 1040 2331 papillas
1056 2291 1111 2322 vix
1121 2290 1296 2330 serendum
1321 2302 1421 2330 neque
1443 2291 1552 2332 nangis

223 2334 314 2364 labra
342 2339 361 2365 a
466 2336 507 2366 ad
541 2346 617 2374 pap.
654 2345 739 2366 man.
776 2335 835 2365 ser.
868 2334 968 2365 chr'se
1097 2336 1162 2373 482
1187 2344 1286 2365 manu
1319 2335 1351 2364 A
1486 2335 1549 2374 487

221 2379 343 2417 opinor
359 2377 447 2409 codd.
583 2380 648 2418 488
672 2379 834 2410 uidissem
851 2378 884 2409 P
971 2378 1083 2417 liceret
1099 2381 1129 2410 A
1271 2378 1336 2417 489
1361 2383 1396 2409 ut
1412 2388 1479 2409 om.
1496 2377 1530 2408 P

1577 1539 1642 1582 485

1573 1942 1644 1975 490
