1727 2712
650 121 969 161 MERCATOR
1403 121 1471 157 IV.
1492 122 1538 155 iii

11 250 124 288 732-5
147 232 223 270 Do.
258 245 338 270 non
359 239 401 271 tu
421 232 497 271 scis
517 245 618 283 quae
639 231 688 270 sit
708 232 801 271 illa?
858 233 927 272 LY.
960 232 1082 270 immo
1103 231 1180 270 iam
1202 230 1307 270 scio:

145 297 196 335 de
216 296 311 335 istac
333 311 420 336 sum
441 297 559 336 iudex
578 305 726 347 captus.
788 299 864 335 Do.
897 296 1044 335 iudex?
1073 296 1150 335 iam
1172 296 1277 335 scio:

145 374 251 400 nunc
272 369 313 400 tu
334 361 374 400 in
396 362 604 400 consilium
626 362 739 400 istam
760 360 1007 400 aduocauisti
1028 361 1108 400 tibi.
1496 375 1536 408 35

147 427 216 464 Lv.
249 425 372 464 immo
393 426 471 465 sic:
502 434 706 477 sequestro
726 425 822 464 mihi
842 427 981 465 datast.
1042 428 1120 464 Do.
1151 425 1348 476 intellego.

147 493 217 529 Lv.
250 490 348 529 nihil
367 492 498 529 hercle
518 491 628 529 istius
649 491 862 542 quicquam
883 498 951 530 est.
1012 492 1090 529 Do.
1123 504 1288 529 nurnero
1307 489 1473 541 purigas.

60 570 129 604 740
148 558 217 595 Lv.
250 556 416 594 nimium
437 557 569 607 negoti
590 556 752 608 repperi.
811 556 918 596 enim
939 569 1034 594 uero
1054 557 1207 594 haereo.

210 667 390 705 Cocvs
476 668 842 705 LYSIMACHVS
928 668 1184 705 DORIPPA
1269 667 1412 704 SYRA
1496 667 1543 705 iv

147 749 220 788 CO.
253 746 369 798 Agite
389 747 441 786 ite
461 755 650 795 actutum,
674 761 765 786 nam
787 747 840 786 mi
860 747 1025 786 amatori
1046 747 1129 786 seni

145 814 392 863 coquendast
413 826 520 851 cena.
580 813 709 862 aitque,
733 826 856 863 quom
877 812 1062 863 recogito,

145 877 261 916 nobis
281 878 541 927 coquendast,
562 890 643 915 non
663 876 774 928 <quoi
795 876 1000 929 con>ducti
1021 890 1166 915 sumus.

146 957 238 981 nam
260 944 328 993 qui
348 950 453 980 amat
474 943 583 992 quod
603 949 708 980 amat
730 943 761 979 si
782 942 913 988 habet,
936 941 976 980 id
996 942 1116 980 habet
1137 954 1208 991 pro
1227 940 1342 982 cibo:

61 1020 126 1056 745
146 1008 292 1054 uidere,
314 1006 511 1056 amplecti,
535 1006 712 1053 6seulari‚
735 1006 921 1056 zidloqui3
1499 1020 1517 1052 5

146 1073 217 1111 sed
237 1086 309 1110 nos
329 1073 492 1110 confido
511 1080 674 1111 onustos
695 1072 888 1111 redituros
909 1074 1085 1111 domum.

146 1137 222 1175 eite
243 1138 327 1175 hac.
388 1138 458 1176 sed
479 1150 618 1176 eccum
640 1137 708 1187 qui
729 1151 801 1176 nos
822 1138 1013 1176 conduxit
1034 1151 1163 1176 senex.

148 1204 217 1240 LY.
250 1215 343 1240 ecce
362 1210 495 1240 autem
517 1202 624 1253 perii,
648 1216 798 1252 coquos
818 1204 954 1242 adest!
1013 1204 1085 1242 Co.
1117 1202 1366 1242 aduenimus.

149 1269 218 1306 Lv.
250 1267 349 1306 abei.
402 1269 474 1307 Co.
508 1268 616 1318 quid,
637 1268 809 1307 abeam?
866 1270 936 1306 Lv.
969 1276 1004 1306 st
1022 1271 1027 1306 !
1053 1268 1151 1306 abes.
1203 1270 1275 1308 Co.
1308 1269 1448 1307 abeam
1461 1270 1479 1307 ?

1274 1335 1343 1371 Lv.
1375 1333 1474 1372 abei.

60 1412 131 1449 750
149 1399 221 1438 Co.
254 1411 334 1436 non
355 1398 448 1437 estis
468 1398 673 1437 cenaturi?
730 1400 799 1437 Lv.
832 1398 910 1437 iam
931 1399 1049 1438 saturi
1071 1412 1217 1437 sumus.
1502 1416 1540 1437 10

148 1464 220 1503 Co.
244 1464 441 1502 sed—LV.
466 1462 593 1501 interii
614 1466 620 1501 !
662 1465 739 1502 Do.
762 1463 858 1513 quid
874 1463 931 1502 ais
948 1465 1014 1502 tu?
1034 1463 1205 1501 etiamne
1222 1464 1320 1501 haec
1336 1463 1389 1501 illi
1406 1463 1477 1503 tibi

144 1529 340 1567 iusserunt
360 1528 459 1576 ferri,
481 1542 582 1578 quos
602 1528 703 1567 inter
722 1528 839 1567 iudex
860 1529 1015 1566 datu's?

145 1594 218 1634 Co.
251 1593 391 1632 haecin
412 1600 480 1631 tua
499 1601 557 1632 est
576 1592 704 1632 amica
724 1606 843 1643 quam
864 1594 1017 1632 dudum
1039 1593 1135 1631 mihi

146 1667 184 1698 te
204 1672 336 1697 amare
355 1657 487 1706 dixtei‚
510 1671 633 1708 quom
654 1659 908 1708 opsonabas?
966 1660 1034 1696 Lv.
1068 1672 1148 1697 non
1170 1660 1305 1697 taces?

59 1736 78 1771 7
85 1737 124 1773 55
146 1725 219 1764 Co.
252 1724 336 1762 sati’
356 1723 498 1762 scitum
520 1725 630 1762 filum
651 1723 834 1762 mulieris.
894 1737 1032 1762 uerum
1054 1725 1183 1762 hercle
1204 1731 1306 1762 anet.
1500 1739 1535 1772 15

146 1791 216 1828 Lv.
248 1789 341 1828 abin
362 1790 586 1828 dierectus?
643 1790 715 1829 Co.
748 1790 826 1827 hau
847 1790 996 1827 malast.
1057 1791 1126 1826 Lv.
1159 1797 1196 1827 at
1218 1797 1259 1827 tu
1281 1790 1427 1827 malu's.

145 1855 218 1894 Co.
241 1854 380 1893 scitam
396 1855 527 1892 hercle
547 1852 690 1905 opinor
704 1853 970 1892 concubinam
988 1855 1100 1891 hanc.
1152 1855 1221 1891 Lv.
1246 1853 1341 1903 quin
1361 1853 1446 1892 abis
1459 1855 1477 1892 Ρ

144 1932 226 1957 non
246 1932 320 1969 ego
340 1932 427 1957 sum
448 1918 515 1968 qui
536 1926 574 1956 te
595 1919 746 1956 dudum
768 1917 952 1957 conduxi.
1012 1919 1086 1957 CO.
1117 1917 1213 1968 quid
1234 1919 1321 1956 est?

145 1984 268 2022 immo
288 1985 418 2022 hercle
438 1991 480 2021 tu
502 1983 587 2022 istic
608 1983 726 2033 ipsus.
786 1985 856 2020 Lv.
889 1996 962 2021 uae
983 1982 1125 2021 misero
1147 1982 1242 2020 mihi
1260 1985 1266 2020 !

58 2054 128 2097 760
146 2049 221 2088 Co.
251 2061 395 2098 nempe
415 2061 511 2086 uxor
532 2048 644 2086 rurist
666 2056 743 2094 tua,
766 2061 885 2097 quam
907 2048 1059 2086 dudum
1081 2047 1256 2085 deixeras
1493 2063 1535 2085 20

190 2162 252 2192 735
287 2152 337 2183 vel
357 2152 454 2183 illaec
598 2153 659 2191 738
692 2156 794 2182 immo
819 2155 1026 2192 suspectum:
1051 2151 1130 2190 soti,
1157 2150 1254 2181 Enim
1411 2162 1474 2191 742

145 2197 320 2235 coquenda
337 2201 452 2226 cenast
467 2195 569 2226 Bothe
666 2196 716 2226 vel
729 2195 820 2235 atqui
963 2205 1024 2234 743
1048 2194 1125 2234 quoi
1143 2195 1300 2225 conducti
1320 2194 1473 2227 Camera-

145 2241 234 2270 rius:
268 2240 358 2270 ducti
381 2239 446 2270 cod.
474 2239 531 2270 (iii.
562 2240 614 2279 11)
752 2250 814 2279 749
836 2239 952 2269 abeam
976 2237 1048 2277 alt.]
1074 2238 1238 2268 abeamne
1262 2237 1474 2270 Camerarius

145 2284 271 2323 752-61
292 2288 399 2323 pauca
415 2283 616 2323 Iegunturin
633 2283 666 2312 A
760 2292 822 2322 753
844 2283 894 2313 vel
907 2281 1050 2313 haecine
1110 2282 1230 2311 haecin
1248 2306 1255 2312 .
1278 2307 1284 2312 .
1304 2304 1312 2312 .
1329 2291 1390 2321 por
1408 2306 1414 2313 .
1433 2307 1441 2314 .
1463 2308 1470 2315 .

144 2353 318 2361 .......
336 2330 422 2369 sse(t
437 2331 553 2369 q)uam
572 2330 695 2360 dudum
716 2330 796 2360 mihi
814 2329 846 2359 A
998 2338 1059 2367 755
1083 2328 1168 2359 satin
1188 2330 1220 2359 A
1323 2323 1425 2360 filium
1442 2330 1475 2360 P

146 2383 207 2412 757
232 2373 281 2403 vel
294 2374 396 2412 opino
412 2384 418 2403 :
443 2375 564 2411 opinor
585 2372 698 2414 [sane]
716 2372 871 2413 P<1van
889 2373 952 2404 lect.
972 2371 1136 2412 adscripts
1156 2372 1303 2412 Se’352?”e1›'t¹
1373 2372 1470 2413 quin]

146 2427 212 2447 non
229 2416 263 2446 P
282 2419 303 2456 {²
315 2422 378 2456 pro
400 2417 456 2456 qui
474 2427 540 2447 non
558 2417 607 2447 vel
621 2427 679 2447 cur
695 2427 760 2446 non
772 2416 890 2456 gloss)
1025 2425 1089 2455 759
1112 2416 1196 2446 istuc
1213 2416 1252 2455 P,
1272 2417 1368 2447 etiam
1386 2417 1417 2447 A
1437 2421 1473 2449 ut

144 2460 207 2492 vid.
346 2461 409 2499 760
433 2466 541 2491 rurest
558 2461 592 2491 P
