1727 2702
117 138 181 178 I.i
583 145 628 180 T.
664 144 843 183 MACCI
879 145 1079 182 PLAVTI

166 260 207 292 tu
229 255 466 304 prohibebis,
490 263 527 293 et
548 255 688 293 eadem
710 269 830 305 opera
851 263 918 294 tuo
939 255 1063 294 sodali
1085 269 1242 306 operam
1265 256 1402 305 dabis;
1511 263 1559 298 60

165 326 203 356 et
224 318 286 357 ille
306 319 523 358 adueniens
545 327 650 358 tuam
675 320 765 358 med
787 334 872 358 esse
891 319 1059 358 amicam
1082 320 1352 371 suspicabitur.

163 383 270 433 quid,
303 385 457 431 amabo,
489 382 741 441 optic'qistiss,
776 387 834 423 Ρι.
867 385 960 436 quia
989 384 1109 424 istaec
1138 385 1268 436 lepida
1297 394 1387 424 sunt
1417 400 1494 425 me-

620 445 622 447 *
666 441 672 444 ’
1304 451 1493 490 moratui:

163 514 301 552 eadem
325 513 361 551 in
385 528 457 553 usu
478 522 597 565 atque
618 515 684 553 ubi
707 515 895 566 periclum
919 515 1037 554 facias
1057 517 1234 554 aculeata
1254 524 1356 563 sunt,

103 592 143 622 30
161 578 336 616 animum
355 580 540 627 sodicant,
561 581 666 619 bona
681 581 948 627 destimulant,
967 582 1069 619 facta
1084 589 1122 619 et
1138 582 1281 620 famam
1303 581 1489 620 sauciant.

162 645 226 682 So.
260 644 355 694 quid
384 644 435 683 ab
465 645 539 684 hac
570 645 740 684 metuis?
798 648 855 684 1³1.
887 645 984 696 quid
1018 660 1092 696 ego
1122 654 1306 693 metuam,
1338 646 1490 697 rogitas,
1512 649 1554 693 65

1088 711 1321 749 adulescens
1342 711 1494 749 homo?

162 783 365 825 penetrare
405 774 506 829 [me]
550 776 665 815 huius
709 775 817 816 modi
860 776 899 814 in
943 777 1187 826 palaestram,
1228 775 1294 814 ubi
1337 775 1493 815 damnis

1193 840 1465 880 desudascitur
1479 842 1494 878 ?

162 906 229 944 ubi
252 920 321 957 pro
341 906 453 945 disco
473 908 663 946 damnum
686 907 851 957 capiam,
874 921 944 957 pro
965 920 1123 945 cursura
1143 907 1346 946 dedecus?

166 974 234 1010 BA.
271 972 401 1022 lepide
433 986 638 1011 memoras.
700 975 757 1010 Pi.
789 971 856 1010 ubi
891 986 964 1022 ego
997 971 1150 1023 capiam
1185 986 1255 1023 pro
1289 973 1495 1010 machaera

1293 1045 1493 1084 turturem,

103 1110 140 1142 35
163 1102 310 1152 ubique
332 1102 509 1153 imponat
530 1102 569 1141 in
592 1116 752 1142 manum
773 1102 872 1140 alius
894 1102 988 1140 mihi
1010 1116 1080 1153 pro
1100 1110 1209 1141 cestu
1230 1103 1474 1148 cantharum,

163 1181 232 1217 pro
253 1169 363 1217 galea
383 1168 600 1218 scaphium,
624 1182 694 1218 pro
715 1167 856 1218 insigni
878 1167 926 1205 sit
946 1169 1093 1206 corolla
1112 1167 1290 1218 plectilis,
1401 1175 1409 1177 ’
1513 1180 1558 1214 70

163 1247 233 1283 pro
253 1235 365 1272 hasta
385 1235 495 1281 talos,
518 1248 588 1284 pro
609 1233 729 1272 lorica
750 1235 943 1272 malacum
965 1233 1118 1284 capiam
1140 1232 1313 1284 pallium,

164 1298 229 1336 ubi
253 1298 304 1336 mi
327 1299 397 1348 pro
419 1312 522 1349 equo
544 1300 667 1338 lectus
689 1300 814 1345 detur,
837 1306 1010 1338 scortum
1036 1312 1106 1349 pro
1126 1306 1239 1338 scuto
1258 1298 1455 1338 accubet?

162 1377 285 1413 apage
309 1378 331 1401 a
360 1378 433 1410 me,
456 1378 589 1414 apage.
610 1404 625 1426 7
665 1366 735 1402 BA.
767 1365 829 1410 ah,
854 1363 1018 1402 nimium
1051 1365 1153 1403 ferus
1182 1377 1233 1403 es.
1309 1365 1366 1402 Pi.
1399 1362 1493 1401 mihi

849 1443 947 1468 sum.
1009 1431 1079 1467 ΒΑ.
1112 1428 1420 1467 malacissandus
1440 1442 1492 1467 es.

101 1509 143 1539 40
163 1494 348 1544 equidem
371 1494 440 1533 tibi
462 1496 515 1533 do
537 1496 638 1533 lianc
659 1508 830 1544 operam.
893 1496 949 1532 ΡΙ.
982 1495 1044 1541 ah,
1067 1493 1232 1532 nimium
1261 1493 1429 1544 pretiosa
1454 1507 1495 1532 es

1306 1557 1491 1608 operaria.

166 1622 248 1662 BA.¹
268 1625 451 1663 simulato
482 1632 545 1664 me
574 1639 714 1664 amare.
778 1626 834 1663 Ρι.
866 1632 997 1663 utrum
1025 1623 1098 1674 ego
1125 1623 1224 1662 istuc
1251 1623 1367 1663 iocon
1394 1623 1491 1662 adsi—
1513 1631 1554 1668 75

1126 1691 1272 1728 mulem
1293 1702 1343 1727 an
1364 1688 1494 1727 serio?

166 1758 233 1793 BA.
267 1755 366 1802 heia,
398 1757 474 1794 hoc
507 1769 621 1806 agere
656 1755 822 1794 meliust.
882 1755 993 1794 miles
1027 1768 1149 1805 quom
1184 1755 1262 1793 huc
1294 1753 1491 1801 adueniat,

1343 1827 1380 1858 te
1401 1821 1494 1858 uolo

163 1901 226 1926 me
259 1887 481 1937 amplexari.
544 1890 600 1926 Pl.
633 1887 729 1939 quid
763 1899 813 1927 eo
847 1887 942 1926 mihi
977 1888 1124 1938 opust?
1181 1888 1250 1924 ΒΑ.
1284 1888 1325 1923 tit
1360 1884 1422 1924 ille
1456 1892 1494 1924 te

1235 1950 1367 1990 uideat
1388 1951 1491 1989 uolo.

163 2018 244 2056 scio
272 2017 368 2068 quid
394 2032 479 2069 ago.
542 2021 598 2057 Pr.
631 2026 669 2058 et
697 2020 762 2070 pol
790 2018 863 2069 e'go
893 2018 975 2057 scio
1001 2017 1097 2068 quid
1124 2024 1267 2056 metuo.
1300 2017 1368 2054 sed
1397 2015 1493 2065 quid

1045 2082 1130 2121 ais?
1187 2083 1257 2119 BA.
1289 2080 1385 2130 quid
1406 2082 1494 2119 est?

207 2189 246 2225 64
274 2188 481 2219 distimulant
501 2187 576 2218 ΡΗ)
693 2192 766 2228 post
781 2190 821 2225 64
848 2187 966 2226 lrgmn·
986 2197 1013 2216 v.
1036 2195 1087 2224 73.
1107 2185 1223 2215 ilerum
1240 2194 1299 2213 suo
1313 2184 1377 2214 loco
1395 2183 1440 2222 (ii.
1461 2184 1491 2217 6,

166 2241 196 2270 p.
224 2233 299 2269 ¹03)
421 2234 462 2271 65
490 2233 531 2263 Et
553 2233 633 2272 quid
650 2232 690 2262 ab
710 2232 828 2271 lwpm
848 2230 884 2262 E.
905 2231 961 2261 1212
985 2231 1118 2261 SOROR.
1139 2229 1240 2268 quid;
1266 2228 1305 2258 iv.
1327 2229 1361 2266 55
1449 2228 1493 2257 66

165 2284 217 2305 me
234 2275 292 2305 del.
313 2275 449 2306 erslob
467 2276 565 2314 (Berl.
587 2276 671 2307 ΙἸιιἸ.
695 2274 800 2304 Woch.
821 2284 871 2308 22,
889 2283 951 2312 554
964 2282 967 2299 ‘i
1017 2278 1192 2312 penetrem
1211 2282 1263 2302 me
1282 2271 1381 2301 Bothe
1439 2270 1491 2300 ubi

163 2319 304 2349 demens
321 2319 409 2351 codd.
432 2320 557 2360 aliquot
573 2319 699 2349 Donati
717 2318 852 2348 I’horm.
873 2327 904 2356 3,
927 2327 951 2351 1,
972 2327 1014 2347 20
1174 2317 1218 2354 69
1241 2315 1308 2345 secl.
1326 2314 1496 2345 Buecheler

165 2371 205 2400 70
230 2363 362 2401 pectilis
379 2363 410 2393 B
500 2374 540 2402 72
565 2374 625 2403 pro
646 2373 734 2402 equo
753 2361 879 2391 Merula
897 2372 902 2390 :
928 2360 1085 2400 pr(aleco
1103 2359 1166 2390 cod.
1189 2361 1233 2397 (ν.
1251 2369 1273 2398 9
1287 2358 1363 2397 (3))
1441 2367 1489 2387 ac-

162 2406 295 2437 cumbet
312 2406 376 2437 cod.
481 2417 520 2446 73
537 2407 572 2446 cs.
589 2406 636 2437 (ια’
648 2408 689 2444 64
752 2416 803 2444 ap.
826 2414 899 2434 mea
917 2414 970 2443 ap.
992 2403 1057 2434 cad.
1163 2413 1202 2442 74
1228 2407 1261 2433 at
1279 2401 1350 2431 ΡΠ)
1452 2402 1493 2439 76

162 2459 261 2488 quarn
285 2450 350 2480 cod.
376 2462 416 2484 ev.
438 2452 491 2489 12)
605 2459 644 2489 77
668 2449 758 2489 quod
783 2447 811 2478 T
