<?xml version="1.0" encoding="UTF-8"?>
<!DOCTYPE html PUBLIC "-//W3C//DTD XHTML 1.0 Transitional//EN"
    "http://www.w3.org/TR/xhtml1/DTD/xhtml1-transitional.dtd">
<html xmlns="http://www.w3.org/1999/xhtml" xml:lang="en" lang="en">
 <head>
  <title>
</title>
<meta http-equiv="Content-Type" content="text/html;charset=utf-8" />
  <meta name='ocr-system' content='tesseract 3.04.00' />
  <meta name='ocr-capabilities' content='ocr_page ocr_carea ocr_par ocr_line ocrx_word'/>
</head>
<body>
  <div class='ocr_page' id='page_1' title='image "./comoediaerecogno01plauuoft/comoediaerecogno01plauuoft_0160.png"; bbox 0 0 1727 2702; ppageno 0'>
   <div class='ocr_carea' id='block_1_1' title="bbox 94 124 1109 166">
    <p class='ocr_par' dir='ltr' id='par_1_1' title="bbox 94 124 1109 166">
     <span class='ocr_line' id='line_1_1' title="bbox 94 124 1109 166; baseline 0.003 -3"><span class='ocrx_word' id='word_1_1' title='bbox 94 124 235 166; x_wconf 83' lang='lat' dir='ltr'>111.1v</span> <span class='ocrx_word' id='word_1_2' title='bbox 612 126 659 164; x_wconf 92' lang='lat' dir='ltr'>T.</span> <span class='ocrx_word' id='word_1_3' title='bbox 692 126 872 166; x_wconf 89' lang='lat' dir='ltr'>MACCI</span> <span class='ocrx_word' id='word_1_4' title='bbox 905 127 1109 166; x_wconf 92' lang='lat' dir='ltr'>PLAVTI</span> 
     </span>
    </p>
   </div>
   <div class='ocr_carea' id='block_1_2' title="bbox 140 235 1615 1200">
    <p class='ocr_par' dir='ltr' id='par_1_2' title="bbox 196 235 1526 355">
     <span class='ocr_line' id='line_1_2' title="bbox 196 235 1526 291; baseline 0.001 -13"><span class='ocrx_word' id='word_1_5' title='bbox 196 239 263 290; x_wconf 88' lang='lat' dir='ltr'>qui</span> <span class='ocrx_word' id='word_1_6' title='bbox 290 253 379 278; x_wconf 86' lang='lat' dir='ltr'>cum</span> <span class='ocrx_word' id='word_1_7' title='bbox 407 240 598 290; x_wconf 87' lang='lat' dir='ltr'>opulento</span> <span class='ocrx_word' id='word_1_8' title='bbox 625 251 773 289; x_wconf 84' lang='lat' dir='ltr'><strong>pauper</strong></span> <span class='ocrx_word' id='word_1_9' title='bbox 800 237 960 276; x_wconf 91' lang='lat' dir='ltr'>homine</span> <span class='ocrx_word' id='word_1_10' title='bbox 988 235 1156 291; x_wconf 90' lang='lat' dir='ltr'>[coepit]</span> <span class='ocrx_word' id='word_1_11' title='bbox 1181 239 1262 278; x_wconf 72' lang='lat' dir='ltr'>rem</span> <span class='ocrx_word' id='word_1_12' title='bbox 1290 239 1435 279; x_wconf 88' lang='lat' dir='ltr'>habere</span> <span class='ocrx_word' id='word_1_13' title='bbox 1457 247 1526 279; x_wconf 89' lang='lat' dir='ltr'>aut</span> 
     </span>
     <span class='ocr_line' id='line_1_3' title="bbox 1310 304 1522 355; baseline 0.009 -13"><span class='ocrx_word' id='word_1_14' title='bbox 1310 304 1522 355; x_wconf 86' lang='lat' dir='ltr'><strong>negotium.</strong></span> 
     </span>
    </p>

    <p class='ocr_par' dir='ltr' id='par_1_3' title="bbox 195 366 1424 485">
     <span class='ocr_line' id='line_1_4' title="bbox 195 366 1424 420; baseline 0 -12"><span class='ocrx_word' id='word_1_15' title='bbox 195 370 315 410; x_wconf 84' lang='lat' dir='ltr'>ueluti</span> <span class='ocrx_word' id='word_1_16' title='bbox 340 370 579 420; x_wconf 77' lang='lat' dir='ltr'>Megadorus</span> <span class='ocrx_word' id='word_1_17' title='bbox 601 375 766 419; x_wconf 88' lang='lat' dir='ltr'>temptat</span> <span class='ocrx_word' id='word_1_18' title='bbox 788 381 850 406; x_wconf 92' lang='lat' dir='ltr'><strong>me</strong></span> <span class='ocrx_word' id='word_1_19' title='bbox 871 366 1056 407; x_wconf 79' lang='lat' dir='ltr'>omnibus</span> <span class='ocrx_word' id='word_1_20' title='bbox 1078 366 1260 407; x_wconf 85' lang='lat' dir='ltr'>miserum</span> <span class='ocrx_word' id='word_1_21' title='bbox 1284 369 1424 416; x_wconf 89' lang='lat' dir='ltr'>modis,</span> 
     </span>
     <span class='ocr_line' id='line_1_5' title="bbox 195 432 1386 485; baseline 0 -12"><span class='ocrx_word' id='word_1_22' title='bbox 195 435 261 485; x_wconf 88' lang='lat' dir='ltr'>qui</span> <span class='ocrx_word' id='word_1_23' title='bbox 284 433 481 473; x_wconf 78' lang='lat' dir='ltr'>simulauit</span> <span class='ocrx_word' id='word_1_24' title='bbox 504 432 579 472; x_wconf 77' lang='lat' dir='ltr'>mei</span> <span class='ocrx_word' id='word_1_25' title='bbox 601 432 760 471; x_wconf 78' lang='lat' dir='ltr'>honoris</span> <span class='ocrx_word' id='word_1_26' title='bbox 782 432 935 471; x_wconf 91' lang='lat' dir='ltr'>mittere</span> <span class='ocrx_word' id='word_1_27' title='bbox 956 433 1033 471; x_wconf 83' lang='lat' dir='ltr'>huc</span> <span class='ocrx_word' id='word_1_28' title='bbox 1053 445 1192 472; x_wconf 84' lang='lat' dir='ltr'>caussa</span> <span class='ocrx_word' id='word_1_29' title='bbox 1211 446 1386 484; x_wconf 88' lang='lat' dir='ltr'>coquos:</span> 
     </span>
    </p>

    <p class='ocr_par' dir='ltr' id='par_1_4' title="bbox 159 497 1610 809">
     <span class='ocr_line' id='line_1_6' title="bbox 159 497 1334 548; baseline -0.002 -9"><span class='ocrx_word' id='word_1_30' title='bbox 159 511 175 542; x_wconf 87' lang='lat'>5</span> <span class='ocrx_word' id='word_1_31' title='bbox 196 500 227 538; x_wconf 88' lang='lat' dir='ltr'>is</span> <span class='ocrx_word' id='word_1_32' title='bbox 248 514 293 539; x_wconf 83' lang='lat' dir='ltr'>ea</span> <span class='ocrx_word' id='word_1_33' title='bbox 314 513 450 538; x_wconf 80' lang='lat' dir='ltr'>caussa</span> <span class='ocrx_word' id='word_1_34' title='bbox 472 497 587 545; x_wconf 86' lang='lat' dir='ltr'><strong>misit,</strong></span> <span class='ocrx_word' id='word_1_35' title='bbox 610 499 686 536; x_wconf 85' lang='lat' dir='ltr'>hoc</span> <span class='ocrx_word' id='word_1_36' title='bbox 706 497 773 547; x_wconf 89' lang='lat' dir='ltr'>qui</span> <span class='ocrx_word' id='word_1_37' title='bbox 794 504 1044 548; x_wconf 88' lang='lat' dir='ltr'>surruperent</span> <span class='ocrx_word' id='word_1_38' title='bbox 1065 497 1208 536; x_wconf 87' lang='lat' dir='ltr'>misero</span> <span class='ocrx_word' id='word_1_39' title='bbox 1228 497 1334 537; x_wconf 92' lang='lat' dir='ltr'>mihi.</span> 
     </span>
     <span class='ocr_line' id='line_1_7' title="bbox 195 561 1610 614; baseline 0 -10"><span class='ocrx_word' id='word_1_40' title='bbox 195 565 392 614; x_wconf 83' lang='lat' dir='ltr'><strong>condigne</strong></span> <span class='ocrx_word' id='word_1_41' title='bbox 412 563 529 603; x_wconf 90' lang='lat' dir='ltr'>etiarn</span> <span class='ocrx_word' id='word_1_42' title='bbox 553 564 653 602; x_wconf 89' lang='lat' dir='ltr'>meu&#39;</span> <span class='ocrx_word' id='word_1_43' title='bbox 674 563 765 601; x_wconf 89' lang='lat' dir='ltr'><strong>med</strong></span> <span class='ocrx_word' id='word_1_44' title='bbox 786 561 891 601; x_wconf 87' lang='lat' dir='ltr'>intus</span> <span class='ocrx_word' id='word_1_45' title='bbox 910 563 1034 612; x_wconf 85' lang='lat' dir='ltr'>gallus</span> <span class='ocrx_word' id='word_1_46' title='bbox 1052 562 1293 612; x_wconf 79' lang='lat' dir='ltr'>gallinacius,</span> <span class='ocrx_word' id='word_1_47' title='bbox 1543 568 1610 613; x_wconf 83' lang='lat'>465</span> 
     </span>
     <span class='ocr_line' id='line_1_8' title="bbox 196 626 1178 680; baseline -0.003 -12"><span class='ocrx_word' id='word_1_48' title='bbox 196 630 260 680; x_wconf 83' lang='lat' dir='ltr'>qui</span> <span class='ocrx_word' id='word_1_49' title='bbox 283 637 363 669; x_wconf 87' lang='lat' dir='ltr'>erat</span> <span class='ocrx_word' id='word_1_50' title='bbox 383 630 475 668; x_wconf 83' lang='lat' dir='ltr'>anui</span> <span class='ocrx_word' id='word_1_51' title='bbox 497 627 714 679; x_wconf 75' lang='lat' dir='ltr'>peculiaris,</span> <span class='ocrx_word' id='word_1_52' title='bbox 729 627 898 678; x_wconf 86' lang='lat' dir='ltr'>perdidit</span> <span class='ocrx_word' id='word_1_53' title='bbox 919 626 1178 677; x_wconf 82' lang='lat' dir='ltr'>paenissume.</span> 
     </span>
     <span class='ocr_line' id='line_1_9' title="bbox 197 691 1346 744; baseline -0.002 -10"><span class='ocrx_word' id='word_1_54' title='bbox 197 695 262 734; x_wconf 90' lang='lat' dir='ltr'>ubi</span> <span class='ocrx_word' id='word_1_55' title='bbox 285 702 365 733; x_wconf 84' lang='lat' dir='ltr'>erat</span> <span class='ocrx_word' id='word_1_56' title='bbox 386 696 482 733; x_wconf 87' lang='lat' dir='ltr'>haec</span> <span class='ocrx_word' id='word_1_57' title='bbox 504 695 670 740; x_wconf 85' lang='lat' dir='ltr'>defossa,</span> <span class='ocrx_word' id='word_1_58' title='bbox 693 692 847 743; x_wconf 85' lang='lat' dir='ltr'>occepit</span> <span class='ocrx_word' id='word_1_59' title='bbox 868 691 921 731; x_wconf 92' lang='lat' dir='ltr'>ibi</span> <span class='ocrx_word' id='word_1_60' title='bbox 942 692 1171 743; x_wconf 83' lang='lat' dir='ltr'>scalpurrire</span> <span class='ocrx_word' id='word_1_61' title='bbox 1193 694 1346 744; x_wconf 86' lang='lat' dir='ltr'>ungulis</span> 
     </span>
     <span class='ocr_line' id='line_1_10' title="bbox 196 756 1465 809; baseline -0.002 -10"><span class='ocrx_word' id='word_1_62' title='bbox 196 759 459 800; x_wconf 84' lang='lat' dir='ltr'>circumcirca.</span> <span class='ocrx_word' id='word_1_63' title='bbox 519 758 615 809; x_wconf 88' lang='lat' dir='ltr'>quid</span> <span class='ocrx_word' id='word_1_64' title='bbox 636 766 752 808; x_wconf 81' lang='lat' dir='ltr'>opust</span> <span class='ocrx_word' id='word_1_65' title='bbox 775 757 932 795; x_wconf 82' lang='lat' dir='ltr'>uerbis?</span> <span class='ocrx_word' id='word_1_66' title='bbox 963 756 1015 795; x_wconf 86' lang='lat' dir='ltr'>ita</span> <span class='ocrx_word' id='word_1_67' title='bbox 1036 757 1087 795; x_wconf 91' lang='lat' dir='ltr'>mi</span> <span class='ocrx_word' id='word_1_68' title='bbox 1110 764 1247 807; x_wconf 86' lang='lat' dir='ltr'>pectus</span> <span class='ocrx_word' id='word_1_69' title='bbox 1268 758 1441 808; x_wconf 85' lang='lat' dir='ltr'>peracuit</span> <span class='ocrx_word' id='word_1_70' title='bbox 1459 774 1465 797; x_wconf 94' lang='lat'>:</span> 
     </span>
    </p>

    <p class='ocr_par' dir='ltr' id='par_1_5' title="bbox 140 821 1615 1136">
     <span class='ocr_line' id='line_1_11' title="bbox 140 821 1379 875; baseline -0.002 -12"><span class='ocrx_word' id='word_1_71' title='bbox 140 841 177 863; x_wconf 89' lang='lat'>10</span> <span class='ocrx_word' id='word_1_72' title='bbox 197 825 311 875; x_wconf 88' lang='lat' dir='ltr'>capio</span> <span class='ocrx_word' id='word_1_73' title='bbox 332 825 486 871; x_wconf 90' lang='lat' dir='ltr'>fustem,</span> <span class='ocrx_word' id='word_1_74' title='bbox 509 831 703 873; x_wconf 88' lang='lat' dir='ltr'>optrunco</span> <span class='ocrx_word' id='word_1_75' title='bbox 723 823 879 872; x_wconf 81' lang='lat' dir='ltr'>gallum,</span> <span class='ocrx_word' id='word_1_76' title='bbox 902 822 1026 860; x_wconf 87' lang='lat' dir='ltr'>furem</span> <span class='ocrx_word' id='word_1_77' title='bbox 1048 821 1379 861; x_wconf 84' lang='lat' dir='ltr'>manufestarium.</span> 
     </span>
     <span class='ocr_line' id='line_1_12' title="bbox 197 886 1615 940; baseline -0.004 -12"><span class='ocrx_word' id='word_1_78' title='bbox 197 891 316 929; x_wconf 87' lang='lat' dir='ltr'>credo</span> <span class='ocrx_word' id='word_1_79' title='bbox 337 890 478 940; x_wconf 87' lang='lat' dir='ltr'><strong>edepol</strong></span> <span class='ocrx_word' id='word_1_80' title='bbox 499 902 571 938; x_wconf 87' lang='lat' dir='ltr'>ego</span> <span class='ocrx_word' id='word_1_81' title='bbox 592 887 644 926; x_wconf 93' lang='lat' dir='ltr'>illi</span> <span class='ocrx_word' id='word_1_82' title='bbox 667 888 889 926; x_wconf 84' lang='lat' dir='ltr'>mercedem</span> <span class='ocrx_word' id='word_1_83' title='bbox 909 888 1012 936; x_wconf 84' lang='lat' dir='ltr'>gallo</span> <span class='ocrx_word' id='word_1_84' title='bbox 1033 886 1228 937; x_wconf 89' lang='lat' dir='ltr'>pollicitos</span> <span class='ocrx_word' id='word_1_85' title='bbox 1249 900 1411 938; x_wconf 90' lang='lat' dir='ltr'>coquos,</span> <span class='ocrx_word' id='word_1_86' title='bbox 1544 898 1615 932; x_wconf 83' lang='lat'>470</span> 
     </span>
     <span class='ocr_line' id='line_1_13' title="bbox 198 951 1343 1005; baseline -0.003 -11"><span class='ocrx_word' id='word_1_87' title='bbox 198 954 228 993; x_wconf 92' lang='lat' dir='ltr'>si</span> <span class='ocrx_word' id='word_1_88' title='bbox 250 955 288 994; x_wconf 93' lang='lat' dir='ltr'>id</span> <span class='ocrx_word' id='word_1_89' title='bbox 311 956 439 1005; x_wconf 87' lang='lat' dir='ltr'>palam</span> <span class='ocrx_word' id='word_1_90' title='bbox 461 953 625 992; x_wconf 84' lang='lat' dir='ltr'>fecisset.</span> <span class='ocrx_word' id='word_1_91' title='bbox 684 951 810 991; x_wconf 82' lang='lat' dir='ltr'><strong>exemi</strong></span> <span class='ocrx_word' id='word_1_92' title='bbox 831 966 877 991; x_wconf 87' lang='lat' dir='ltr'><strong>ex</strong></span> <span class='ocrx_word' id='word_1_93' title='bbox 899 965 1017 990; x_wconf 87' lang='lat' dir='ltr'>manu</span> <span class='ocrx_word' id='word_1_94' title='bbox 1040 956 1061 989; x_wconf 89' lang='lat'>†</span> <span class='ocrx_word' id='word_1_95' title='bbox 1083 951 1343 991; x_wconf 88' lang='lat' dir='ltr'>manubrium.</span> 
     </span>
     <span class='ocr_line' id='line_1_14' title="bbox 197 1016 1393 1072; baseline -0.003 -12"><span class='ocrx_word' id='word_1_96' title='bbox 197 1021 293 1072; x_wconf 90' lang='lat' dir='ltr'>quid</span> <span class='ocrx_word' id='word_1_97' title='bbox 314 1027 431 1070; x_wconf 87' lang='lat' dir='ltr'>opust</span> <span class='ocrx_word' id='word_1_98' title='bbox 451 1018 611 1058; x_wconf 88' lang='lat' dir='ltr'>uerbis?</span> <span class='ocrx_word' id='word_1_99' title='bbox 641 1019 743 1057; x_wconf 88' lang='lat' dir='ltr'>facta</span> <span class='ocrx_word' id='word_1_100' title='bbox 762 1025 821 1056; x_wconf 89' lang='lat' dir='ltr'>est</span> <span class='ocrx_word' id='word_1_101' title='bbox 841 1030 973 1067; x_wconf 87' lang='lat' dir='ltr'>pugna</span> <span class='ocrx_word' id='word_1_102' title='bbox 993 1016 1032 1054; x_wconf 89' lang='lat' dir='ltr'>in</span> <span class='ocrx_word' id='word_1_103' title='bbox 1053 1018 1156 1067; x_wconf 87' lang='lat' dir='ltr'>gallo</span> <span class='ocrx_word' id='word_1_104' title='bbox 1175 1017 1393 1068; x_wconf 87' lang='lat' dir='ltr'>gallinacio.</span> 
     </span>
     <span class='ocr_line' id='line_1_15' title="bbox 198 1081 1310 1136; baseline -0.004 -11"><span class='ocrx_word' id='word_1_105' title='bbox 198 1087 268 1125; x_wconf 89' lang='lat' dir='ltr'>sed</span> <span class='ocrx_word' id='word_1_106' title='bbox 292 1086 530 1136; x_wconf 87' lang='lat' dir='ltr'>Megadorus</span> <span class='ocrx_word' id='word_1_107' title='bbox 552 1097 662 1123; x_wconf 91' lang='lat' dir='ltr'>meus</span> <span class='ocrx_word' id='word_1_108' title='bbox 682 1082 824 1122; x_wconf 83' lang='lat' dir='ltr'>adfinis</span> <span class='ocrx_word' id='word_1_109' title='bbox 844 1096 982 1121; x_wconf 90' lang='lat' dir='ltr'>eccum</span> <span class='ocrx_word' id='word_1_110' title='bbox 1005 1081 1152 1121; x_wconf 84' lang='lat' dir='ltr'><strong>incedit</strong></span> <span class='ocrx_word' id='word_1_111' title='bbox 1171 1096 1195 1120; x_wconf 94' lang='lat' dir='ltr'>a</span> <span class='ocrx_word' id='word_1_112' title='bbox 1215 1083 1310 1122; x_wconf 87' lang='lat' dir='ltr'>foro.</span> 
     </span>
    </p>

    <p class='ocr_par' dir='ltr' id='par_1_6' title="bbox 142 1146 1526 1200">
     <span class='ocr_line' id='line_1_16' title="bbox 142 1146 1526 1200; baseline -0.003 -10"><span class='ocrx_word' id='word_1_113' title='bbox 142 1163 178 1194; x_wconf 88' lang='lat'>15</span> <span class='ocrx_word' id='word_1_114' title='bbox 199 1151 275 1190; x_wconf 85' lang='lat' dir='ltr'>iam</span> <span class='ocrx_word' id='word_1_115' title='bbox 297 1152 403 1189; x_wconf 87' lang='lat' dir='ltr'>hunc</span> <span class='ocrx_word' id='word_1_116' title='bbox 424 1163 505 1189; x_wconf 93' lang='lat' dir='ltr'>non</span> <span class='ocrx_word' id='word_1_117' title='bbox 525 1149 651 1188; x_wconf 89' lang='lat' dir='ltr'>ausim</span> <span class='ocrx_word' id='word_1_118' title='bbox 672 1147 879 1200; x_wconf 87' lang='lat' dir='ltr'>praeterire</span> <span class='ocrx_word' id='word_1_119' title='bbox 900 1147 995 1198; x_wconf 91' lang='lat' dir='ltr'>quin</span> <span class='ocrx_word' id='word_1_120' title='bbox 1011 1146 1224 1187; x_wconf 86' lang='lat' dir='ltr'>consistam</span> <span class='ocrx_word' id='word_1_121' title='bbox 1241 1155 1280 1187; x_wconf 89' lang='lat' dir='ltr'>et</span> <span class='ocrx_word' id='word_1_122' title='bbox 1299 1148 1526 1198; x_wconf 89' lang='lat' dir='ltr'>conloquar.</span> 
     </span>
    </p>
   </div>
   <div class='ocr_carea' id='block_1_3' title="bbox 150 1261 1202 1301">
    <p class='ocr_par' dir='ltr' id='par_1_7' title="bbox 150 1261 1202 1301">
     <span class='ocr_line' id='line_1_17' title="bbox 150 1261 1202 1301; baseline -0.004 1"><span class='ocrx_word' id='word_1_123' title='bbox 150 1271 180 1297; x_wconf 86' lang='lat' dir='ltr'>v</span> <span class='ocrx_word' id='word_1_124' title='bbox 526 1263 878 1301; x_wconf 72' lang='lat' dir='ltr'><strong>MEGADORVS</strong></span> <span class='ocrx_word' id='word_1_125' title='bbox 989 1261 1202 1299; x_wconf 72' lang='lat' dir='ltr'>Evcmo</span> 
     </span>
    </p>
   </div>
   <div class='ocr_carea' id='block_1_4' title="bbox 145 1340 1617 2241">
    <p class='ocr_par' dir='ltr' id='par_1_8' title="bbox 145 1340 1617 2241">
     <span class='ocr_line' id='line_1_18' title="bbox 201 1340 1612 1391; baseline -0.004 -7"><span class='ocrx_word' id='word_1_126' title='bbox 201 1347 282 1384; x_wconf 82' lang='grc' dir='ltr'>ΜΕ.</span> <span class='ocrx_word' id='word_1_127' title='bbox 317 1343 483 1383; x_wconf 86' lang='lat' dir='ltr'>Narraui</span> <span class='ocrx_word' id='word_1_128' title='bbox 503 1342 640 1381; x_wconf 89' lang='lat' dir='ltr'>amicis</span> <span class='ocrx_word' id='word_1_129' title='bbox 661 1341 793 1380; x_wconf 90' lang='lat' dir='ltr'>multis</span> <span class='ocrx_word' id='word_1_130' title='bbox 813 1340 1022 1380; x_wconf 90' lang='lat' dir='ltr'>consilium</span> <span class='ocrx_word' id='word_1_131' title='bbox 1044 1354 1176 1380; x_wconf 92' lang='lat' dir='ltr'>meum</span> <span class='ocrx_word' id='word_1_132' title='bbox 1545 1354 1612 1391; x_wconf 83' lang='lat'>475</span> 
     </span>
     <span class='ocr_line' id='line_1_19' title="bbox 197 1405 1012 1450; baseline -0.007 0"><span class='ocrx_word' id='word_1_133' title='bbox 197 1412 248 1450; x_wconf 91' lang='lat' dir='ltr'><strong>de</strong></span> <span class='ocrx_word' id='word_1_134' title='bbox 268 1409 504 1449; x_wconf 91' lang='lat' dir='ltr'>condicione</span> <span class='ocrx_word' id='word_1_135' title='bbox 525 1409 609 1446; x_wconf 85' lang='lat' dir='ltr'>hac.</span> <span class='ocrx_word' id='word_1_136' title='bbox 670 1405 872 1446; x_wconf 90' lang='lat' dir='ltr'>Euclionis</span> <span class='ocrx_word' id='word_1_137' title='bbox 893 1405 1012 1445; x_wconf 88' lang='lat' dir='ltr'>filiam</span> 
     </span>
     <span class='ocr_line' id='line_1_20' title="bbox 198 1471 1176 1524; baseline -0.005 -10"><span class='ocrx_word' id='word_1_138' title='bbox 198 1476 371 1514; x_wconf 83' lang='lat' dir='ltr'>laudant.</span> <span class='ocrx_word' id='word_1_139' title='bbox 430 1473 625 1524; x_wconf 84' lang='lat' dir='ltr'>sapienter</span> <span class='ocrx_word' id='word_1_140' title='bbox 646 1473 792 1510; x_wconf 87' lang='lat' dir='ltr'>factum</span> <span class='ocrx_word' id='word_1_141' title='bbox 813 1479 851 1510; x_wconf 92' lang='lat' dir='ltr'>et</span> <span class='ocrx_word' id='word_1_142' title='bbox 871 1471 1038 1510; x_wconf 90' lang='lat' dir='ltr'>consilio</span> <span class='ocrx_word' id='word_1_143' title='bbox 1058 1471 1176 1510; x_wconf 92' lang='lat' dir='ltr'>bono.</span> 
     </span>
     <span class='ocr_line' id='line_1_21' title="bbox 200 1534 1219 1589; baseline -0.005 -10"><span class='ocrx_word' id='word_1_144' title='bbox 200 1554 289 1578; x_wconf 80' lang='lat' dir='ltr'>nani</span> <span class='ocrx_word' id='word_1_145' title='bbox 312 1553 401 1578; x_wconf 91' lang='lat' dir='ltr'>meo</span> <span class='ocrx_word' id='word_1_146' title='bbox 421 1538 582 1589; x_wconf 89' lang='lat' dir='ltr'>quidem</span> <span class='ocrx_word' id='word_1_147' title='bbox 603 1536 738 1575; x_wconf 89' lang='lat' dir='ltr'>animo</span> <span class='ocrx_word' id='word_1_148' title='bbox 758 1537 789 1575; x_wconf 79' lang='lat' dir='ltr'>si</span> <span class='ocrx_word' id='word_1_149' title='bbox 810 1536 916 1575; x_wconf 86' lang='lat' dir='ltr'>idem</span> <span class='ocrx_word' id='word_1_150' title='bbox 938 1535 1081 1575; x_wconf 88' lang='lat' dir='ltr'>faciant</span> <span class='ocrx_word' id='word_1_151' title='bbox 1101 1534 1219 1576; x_wconf 89' lang='lat' dir='ltr'>ceteri</span> 
     </span>
     <span class='ocr_line' id='line_1_22' title="bbox 161 1601 895 1656; baseline -0.005 -13"><span class='ocrx_word' id='word_1_152' title='bbox 161 1620 178 1651; x_wconf 86' lang='lat'>5</span> <span class='ocrx_word' id='word_1_153' title='bbox 199 1604 476 1656; x_wconf 84' lang='lat' dir='ltr'>opulentiores,</span> <span class='ocrx_word' id='word_1_154' title='bbox 499 1601 775 1653; x_wconf 85' lang='lat' dir='ltr'>pauperiorum</span> <span class='ocrx_word' id='word_1_155' title='bbox 797 1601 895 1639; x_wconf 84' lang='lat' dir='ltr'>filias</span> 
     </span>
     <span class='ocr_line' id='line_1_23' title="bbox 199 1667 1617 1715; baseline -0.006 -6"><span class='ocrx_word' id='word_1_156' title='bbox 199 1678 241 1709; x_wconf 90' lang='lat' dir='ltr'>ut</span> <span class='ocrx_word' id='word_1_157' title='bbox 263 1670 460 1709; x_wconf 85' lang='lat' dir='ltr'>indotatas</span> <span class='ocrx_word' id='word_1_158' title='bbox 480 1670 628 1707; x_wconf 88' lang='lat' dir='ltr'>ducant</span> <span class='ocrx_word' id='word_1_159' title='bbox 650 1680 788 1706; x_wconf 86' lang='lat' dir='ltr'>uxores</span> <span class='ocrx_word' id='word_1_160' title='bbox 809 1667 986 1713; x_wconf 91' lang='lat' dir='ltr'>domum,</span> <span class='ocrx_word' id='word_1_161' title='bbox 1547 1671 1617 1715; x_wconf 77' lang='lat'>480</span> 
     </span>
     <span class='ocr_line' id='line_1_24' title="bbox 199 1732 893 1779; baseline -0.007 -4"><span class='ocrx_word' id='word_1_162' title='bbox 199 1744 236 1775; x_wconf 88' lang='lat' dir='ltr'>et</span> <span class='ocrx_word' id='word_1_163' title='bbox 259 1737 382 1774; x_wconf 90' lang='lat' dir='ltr'>multo</span> <span class='ocrx_word' id='word_1_164' title='bbox 403 1736 469 1773; x_wconf 88' lang='lat' dir='ltr'>fiat</span> <span class='ocrx_word' id='word_1_165' title='bbox 489 1733 628 1773; x_wconf 83' lang='lat' dir='ltr'>ciuitas</span> <span class='ocrx_word' id='word_1_166' title='bbox 648 1732 893 1779; x_wconf 90' lang='lat' dir='ltr'>concordior,</span> 
     </span>
     <span class='ocr_line' id='line_1_25' title="bbox 199 1796 1164 1848; baseline -0.005 -8"><span class='ocrx_word' id='word_1_167' title='bbox 199 1809 236 1840; x_wconf 87' lang='lat' dir='ltr'>et</span> <span class='ocrx_word' id='word_1_168' title='bbox 258 1800 407 1839; x_wconf 82' lang='lat' dir='ltr'>inuidia</span> <span class='ocrx_word' id='word_1_169' title='bbox 428 1813 499 1838; x_wconf 87' lang='lat' dir='ltr'>nos</span> <span class='ocrx_word' id='word_1_170' title='bbox 521 1798 672 1837; x_wconf 89' lang='lat' dir='ltr'>minore</span> <span class='ocrx_word' id='word_1_171' title='bbox 692 1805 848 1837; x_wconf 90' lang='lat' dir='ltr'>utamur</span> <span class='ocrx_word' id='word_1_172' title='bbox 867 1811 985 1848; x_wconf 87' lang='lat' dir='ltr'>quam</span> <span class='ocrx_word' id='word_1_173' title='bbox 1008 1796 1164 1844; x_wconf 91' lang='lat' dir='ltr'>utimur,</span> 
     </span>
     <span class='ocr_line' id='line_1_26' title="bbox 200 1860 1306 1913; baseline -0.005 -9"><span class='ocrx_word' id='word_1_174' title='bbox 200 1874 238 1904; x_wconf 86' lang='lat' dir='ltr'>et</span> <span class='ocrx_word' id='word_1_175' title='bbox 259 1865 345 1904; x_wconf 77' lang='lat' dir='ltr'>illae</span> <span class='ocrx_word' id='word_1_176' title='bbox 368 1866 509 1903; x_wconf 89' lang='lat' dir='ltr'>malam</span> <span class='ocrx_word' id='word_1_177' title='bbox 531 1877 612 1902; x_wconf 91' lang='lat' dir='ltr'>rem</span> <span class='ocrx_word' id='word_1_178' title='bbox 634 1870 812 1902; x_wconf 89' lang='lat' dir='ltr'>metuant</span> <span class='ocrx_word' id='word_1_179' title='bbox 832 1875 951 1912; x_wconf 89' lang='lat' dir='ltr'>quam</span> <span class='ocrx_word' id='word_1_180' title='bbox 973 1869 1152 1901; x_wconf 87' lang='lat' dir='ltr'>metuont</span> <span class='ocrx_word' id='word_1_181' title='bbox 1174 1860 1306 1913; x_wconf 87' lang='lat' dir='ltr'>magiS‚</span> 
     </span>
     <span class='ocr_line' id='line_1_27' title="bbox 145 1927 1131 1980; baseline -0.003 -13"><span class='ocrx_word' id='word_1_182' title='bbox 145 1945 182 1967; x_wconf 85' lang='grc' dir='ltr'>ιο</span> <span class='ocrx_word' id='word_1_183' title='bbox 201 1938 239 1970; x_wconf 85' lang='lat' dir='ltr'>et</span> <span class='ocrx_word' id='word_1_184' title='bbox 259 1944 331 1969; x_wconf 90' lang='lat' dir='ltr'>nos</span> <span class='ocrx_word' id='word_1_185' title='bbox 353 1929 503 1968; x_wconf 91' lang='lat' dir='ltr'>minore</span> <span class='ocrx_word' id='word_1_186' title='bbox 523 1936 683 1980; x_wconf 89' lang='lat' dir='ltr'>sumptu</span> <span class='ocrx_word' id='word_1_187' title='bbox 703 1927 825 1966; x_wconf 92' lang='lat' dir='ltr'>simus</span> <span class='ocrx_word' id='word_1_188' title='bbox 846 1940 964 1977; x_wconf 89' lang='lat' dir='ltr'>quam</span> <span class='ocrx_word' id='word_1_189' title='bbox 986 1940 1131 1965; x_wconf 89' lang='lat' dir='ltr'>sumus.</span> 
     </span>
     <span class='ocr_line' id='line_1_28' title="bbox 202 1992 1613 2043; baseline -0.001 -10"><span class='ocrx_word' id='word_1_190' title='bbox 202 1995 238 2033; x_wconf 92' lang='lat' dir='ltr'>in</span> <span class='ocrx_word' id='word_1_191' title='bbox 262 2007 485 2033; x_wconf 86' lang='lat' dir='ltr'>maxumam</span> <span class='ocrx_word' id='word_1_192' title='bbox 506 1993 597 2032; x_wconf 91' lang='lat' dir='ltr'>illuc</span> <span class='ocrx_word' id='word_1_193' title='bbox 618 1992 754 2043; x_wconf 90' lang='lat' dir='ltr'>populi</span> <span class='ocrx_word' id='word_1_194' title='bbox 775 1999 924 2043; x_wconf 90' lang='lat' dir='ltr'>partem</span> <span class='ocrx_word' id='word_1_195' title='bbox 945 1999 1004 2031; x_wconf 92' lang='lat' dir='ltr'>est</span> <span class='ocrx_word' id='word_1_196' title='bbox 1024 1999 1231 2042; x_wconf 91' lang='lat' dir='ltr'>optumum</span> <span class='ocrx_word' id='word_1_197' title='bbox 1248 2005 1257 2039; x_wconf 88' lang='lat'>;</span> <span class='ocrx_word' id='word_1_198' title='bbox 1546 1995 1613 2040; x_wconf 83' lang='lat'>485</span> 
     </span>
     <span class='ocr_line' id='line_1_29' title="bbox 200 2056 935 2111; baseline -0.007 -12"><span class='ocrx_word' id='word_1_199' title='bbox 200 2061 238 2098; x_wconf 92' lang='lat' dir='ltr'>in</span> <span class='ocrx_word' id='word_1_200' title='bbox 259 2059 463 2111; x_wconf 86' lang='lat' dir='ltr'>pauciores</span> <span class='ocrx_word' id='word_1_201' title='bbox 484 2058 624 2098; x_wconf 90' lang='lat' dir='ltr'>auidos</span> <span class='ocrx_word' id='word_1_202' title='bbox 644 2056 846 2096; x_wconf 86' lang='lat' dir='ltr'>altercatio</span> <span class='ocrx_word' id='word_1_203' title='bbox 866 2063 935 2103; x_wconf 91' lang='lat' dir='ltr'>est,</span> 
     </span>
     <span class='ocr_line' id='line_1_30' title="bbox 199 2120 1122 2176; baseline -0.007 -11"><span class='ocrx_word' id='word_1_204' title='bbox 199 2139 366 2176; x_wconf 87' lang='lat' dir='ltr'>quorum</span> <span class='ocrx_word' id='word_1_205' title='bbox 387 2123 529 2164; x_wconf 89' lang='lat' dir='ltr'>animis</span> <span class='ocrx_word' id='word_1_206' title='bbox 549 2122 676 2162; x_wconf 89' lang='lat' dir='ltr'>auidis</span> <span class='ocrx_word' id='word_1_207' title='bbox 696 2129 815 2172; x_wconf 88' lang='lat' dir='ltr'>atque</span> <span class='ocrx_word' id='word_1_208' title='bbox 836 2120 1122 2160; x_wconf 84' lang='lat' dir='ltr'>insatietatibus</span> 
     </span>
     <span class='ocr_line' id='line_1_31' title="bbox 201 2185 1353 2241; baseline -0.003 -13"><span class='ocrx_word' id='word_1_209' title='bbox 201 2204 329 2241; x_wconf 85' lang='lat' dir='ltr'>neque</span> <span class='ocrx_word' id='word_1_210' title='bbox 350 2192 410 2230; x_wconf 90' lang='lat' dir='ltr'>lex</span> <span class='ocrx_word' id='word_1_211' title='bbox 431 2202 560 2240; x_wconf 90' lang='lat' dir='ltr'>neque</span> <span class='ocrx_word' id='word_1_212' title='bbox 581 2195 689 2227; x_wconf 84' lang='lat' dir='ltr'>sutor</span> <span class='ocrx_word' id='word_1_213' title='bbox 709 2199 847 2237; x_wconf 81' lang='lat' dir='ltr'>capere</span> <span class='ocrx_word' id='word_1_214' title='bbox 868 2195 925 2225; x_wconf 89' lang='lat' dir='ltr'>cst</span> <span class='ocrx_word' id='word_1_215' title='bbox 947 2186 1014 2237; x_wconf 86' lang='lat' dir='ltr'>qui</span> <span class='ocrx_word' id='word_1_216' title='bbox 1035 2185 1157 2237; x_wconf 90' lang='lat' dir='ltr'>possit</span> <span class='ocrx_word' id='word_1_217' title='bbox 1178 2185 1353 2225; x_wconf 91' lang='lat' dir='ltr'>modum.</span> 
     </span>
    </p>
   </div>
   <div class='ocr_carea' id='block_1_5' title="bbox 201 2289 1529 2467">
    <p class='ocr_par' dir='ltr' id='par_1_9' title="bbox 201 2289 1529 2467">
     <span class='ocr_line' id='line_1_32' title="bbox 244 2289 1528 2335; baseline -0.005 -8"><span class='ocrx_word' id='word_1_218' title='bbox 244 2297 301 2334; x_wconf 74' lang='lat'>461</span> <span class='ocrx_word' id='word_1_219' title='bbox 331 2294 442 2335; x_wconf 79' lang='lat' dir='ltr'>coepit</span> <span class='ocrx_word' id='word_1_220' title='bbox 461 2293 519 2325; x_wconf 81' lang='lat' dir='ltr'>del.</span> <span class='ocrx_word' id='word_1_221' title='bbox 541 2292 637 2324; x_wconf 73' lang='lat' dir='ltr'>Goetc</span> <span class='ocrx_word' id='word_1_222' title='bbox 720 2290 819 2322; x_wconf 84' lang='lat' dir='ltr'>habet</span> <span class='ocrx_word' id='word_1_223' title='bbox 839 2289 958 2321; x_wconf 73' lang='lat' dir='ltr'>Goetz:</span> <span class='ocrx_word' id='word_1_224' title='bbox 983 2290 1043 2322; x_wconf 79' lang='lat' dir='ltr'>del.</span> <span class='ocrx_word' id='word_1_225' title='bbox 1065 2289 1200 2331; x_wconf 74' lang='lat' dir='ltr'>Seyfftr!</span> <span class='ocrx_word' id='word_1_226' title='bbox 1301 2291 1365 2328; x_wconf 87' lang='lat'>462</span> <span class='ocrx_word' id='word_1_227' title='bbox 1389 2289 1438 2320; x_wconf 80' lang='lat' dir='ltr'>vel</span> <span class='ocrx_word' id='word_1_228' title='bbox 1452 2289 1528 2321; x_wconf 89' lang='lat' dir='ltr'><strong>med</strong></span> 
     </span>
     <span class='ocr_line' id='line_1_33' title="bbox 201 2332 1529 2378; baseline -0.005 -8"><span class='ocrx_word' id='word_1_229' title='bbox 201 2341 265 2378; x_wconf 72' lang='lat'>466</span> <span class='ocrx_word' id='word_1_230' title='bbox 280 2339 330 2370; x_wconf 81' lang='lat' dir='ltr'>vel</span> <span class='ocrx_word' id='word_1_231' title='bbox 343 2349 407 2369; x_wconf 83' lang='lat' dir='ltr'>anu</span> <span class='ocrx_word' id='word_1_232' title='bbox 520 2347 579 2376; x_wconf 79' lang='lat'>471</span> <span class='ocrx_word' id='word_1_233' title='bbox 608 2335 855 2374; x_wconf 83' lang='lat' dir='ltr'>manupretium</span> <span class='ocrx_word' id='word_1_234' title='bbox 875 2335 918 2375; x_wconf 61' lang='grc' dir='ltr'>(ζ’)</span> <span class='ocrx_word' id='word_1_235' title='bbox 937 2332 1011 2373; x_wconf 81' lang='lat' dir='ltr'>Leo,</span> <span class='ocrx_word' id='word_1_236' title='bbox 1033 2345 1114 2365; x_wconf 84' lang='lat' dir='ltr'>nam</span> <span class='ocrx_word' id='word_1_237' title='bbox 1132 2333 1340 2364; x_wconf 70' lang='lat' dir='ltr'>manubrium</span> <span class='ocrx_word' id='word_1_238' title='bbox 1357 2333 1413 2364; x_wconf 76' lang='lat' dir='ltr'>vix</span> <span class='ocrx_word' id='word_1_239' title='bbox 1429 2332 1529 2363; x_wconf 87' lang='lat' dir='ltr'>Plau-</span> 
     </span>
     <span class='ocr_line' id='line_1_34' title="bbox 202 2376 1529 2420; baseline -0.005 -7"><span class='ocrx_word' id='word_1_240' title='bbox 202 2384 310 2413; x_wconf 79' lang='lat' dir='ltr'>tinum</span> <span class='ocrx_word' id='word_1_241' title='bbox 401 2384 463 2420; x_wconf 76' lang='lat'>482</span> <span class='ocrx_word' id='word_1_242' title='bbox 490 2391 550 2411; x_wconf 89' lang='lat' dir='ltr'>nos</span> <span class='ocrx_word' id='word_1_243' title='bbox 574 2380 702 2410; x_wconf 86' lang='lat' dir='ltr'>minore</span> <span class='ocrx_word' id='word_1_244' title='bbox 718 2377 874 2418; x_wconf 77' lang='lat' dir='ltr'>Pylades:</span> <span class='ocrx_word' id='word_1_245' title='bbox 901 2378 1030 2409; x_wconf 87' lang='lat' dir='ltr'>minore</span> <span class='ocrx_word' id='word_1_246' title='bbox 1049 2387 1112 2409; x_wconf 86' lang='lat' dir='ltr'>nos</span> <span class='ocrx_word' id='word_1_247' title='bbox 1129 2376 1195 2408; x_wconf 83' lang='lat' dir='ltr'>cod.</span> <span class='ocrx_word' id='word_1_248' title='bbox 1288 2378 1351 2416; x_wconf 83' lang='lat'>483</span> <span class='ocrx_word' id='word_1_249' title='bbox 1368 2376 1418 2407; x_wconf 80' lang='lat' dir='ltr'>vel</span> <span class='ocrx_word' id='word_1_250' title='bbox 1433 2376 1529 2407; x_wconf 87' lang='lat' dir='ltr'>illaec</span> 
     </span>
     <span class='ocr_line' id='line_1_35' title="bbox 202 2419 1465 2467; baseline -0.007 -9"><span class='ocrx_word' id='word_1_251' title='bbox 202 2429 265 2467; x_wconf 80' lang='lat'>⁴85</span> <span class='ocrx_word' id='word_1_252' title='bbox 290 2427 363 2457; x_wconf 86' lang='lat' dir='ltr'>illec</span> <span class='ocrx_word' id='word_1_253' title='bbox 379 2436 460 2456; x_wconf 75' lang='lat' dir='ltr'>corr.</span> <span class='ocrx_word' id='word_1_254' title='bbox 478 2425 554 2455; x_wconf 88' lang='lat' dir='ltr'>illue</span> <span class='ocrx_word' id='word_1_255' title='bbox 571 2427 609 2454; x_wconf 79' lang='lat' dir='ltr'>ut</span> <span class='ocrx_word' id='word_1_256' title='bbox 624 2422 684 2454; x_wconf 72' lang='lat' dir='ltr'>vid.</span> <span class='ocrx_word' id='word_1_257' title='bbox 705 2421 770 2452; x_wconf 87' lang='lat' dir='ltr'>cod.</span> <span class='ocrx_word' id='word_1_258' title='bbox 860 2422 1020 2461; x_wconf 80' lang='lat' dir='ltr'>optimam</span> <span class='ocrx_word' id='word_1_259' title='bbox 1040 2421 1105 2452; x_wconf 82' lang='lat' dir='ltr'>cod.</span> <span class='ocrx_word' id='word_1_260' title='bbox 1124 2432 1130 2451; x_wconf 91' lang='lat'>:</span> <span class='ocrx_word' id='word_1_261' title='bbox 1155 2431 1232 2452; x_wconf 81' lang='lat' dir='ltr'>corr.</span> <span class='ocrx_word' id='word_1_262' title='bbox 1253 2419 1465 2452; x_wconf 75' lang='lat' dir='ltr'>Camerarius</span> 
     </span>
    </p>
   </div>
  </div>
 </body>
</html>
