1727 2702
49 111 118 150 IV.
141 111 201 149 vii
564 112 609 150 T.
644 113 824 153 MACCI
857 113 1059 151 PLAVTI

142 232 184 262 ut
205 223 305 263 istuc
325 225 435 275 quod
457 237 519 263 me
540 238 627 263 oras
649 224 900 275 impetratum
922 226 973 263 ab
993 238 1041 264 eo
1061 225 1303 264 auferam.-—-
1497 231 1564 275 693

83 305 119 337 ¹5
143 289 211 327 Lv.
245 288 267 336 i,
290 289 367 327 iam
389 302 533 340 sequor
555 297 602 336 te,
627 297 759 329 mater.
819 291 890 329 sed
911 303 1066 328 seruom
1090 303 1221 329 meum

140 353 407 395 †Strobilum†
429 354 548 394 miror
569 355 636 394 ubi
658 355 717 403 sit,
740 369 859 406 quem
881 369 955 405 ego
977 369 1040 394 me
1061 354 1249 394 iusseram

140 418 203 457 hic
224 419 403 470 opperiri.
465 433 571 458 nunc
592 433 666 470 ego
687 433 844 459 mecum
866 420 1020 471 cogito:

139 483 170 522 si
193 483 288 522 mihi
308 485 377 524 dat
397 497 570 535 operam,
595 498 658 524 me
678 484 732 523 illi
753 485 864 524 irasci
887 484 1070 523 iniurium
1092 493 1160 524 est.

141 548 208 587 ibo
229 548 342 596 intro,
365 549 432 588 ubi
454 550 504 589 de
525 549 653 601 capite
676 564 765 589 meo
786 558 878 589 sunt
898 549 1126 588 comitia.—
1497 569 1566 604 700

45 661 122 697 viii
514 662 834 700 LYCONlDls
881 662 1098 699 SERVVS

142 743 185 780 L.
209 744 244 781 S.
280 742 381 781 Picis
402 742 561 789 diuitiis,
585 743 652 793 qui
673 756 813 782 aureos
835 742 980 781 montis
1001 744 1146 789 colunt,

139 821 212 857 ego
233 809 339 846 solus
360 822 512 859 supero.
573 822 665 847 nam
687 808 782 847 istos
803 822 911 859 reges
932 815 1084 847 ceteros

139 886 356 912 memorare
378 875 483 921 nolo,
507 873 715 912 h6minum
737 873 1038 912 mendicabula:

137 951 210 988 ego
231 952 317 976 sum
340 938 403 977 ille
424 953 488 978 rex
511 938 729 990 Philippus.
790 952 815 977 o
835 938 1011 989 lepidum
1033 938 1139 977 diem
1160 941 1166 977 !

96 1019 112 1050 5
137 1017 227 1042 nam
251 1011 293 1042 ut
313 1004 466 1043 dudum
487 1003 580 1042 hinc
599 1003 690 1050 abii,
715 1005 840 1042 multo
861 1002 928 1041 illo
947 1002 1093 1042 adueni
1115 1002 1218 1054 prior
1491 1019 1557 1056 705

137 1070 342 1118 multoque
363 1068 459 1119 priu'
481 1082 544 1107 me
565 1067 774 1107 conlocaui
794 1067 834 1106 in
854 1068 1034 1107 arborem

137 1132 308 1184 inddque
329 1133 618 1184 exspectabam,
641 1146 781 1172 aurum
802 1132 870 1172 ubi
890 1132 1147 1184 apstrudebat
1167 1145 1296 1171 senex.

136 1197 202 1237 ubi
226 1198 288 1237 ille
309 1198 415 1245 Abiit,
439 1212 512 1249 ego
533 1212 596 1237 me
617 1200 803 1238 deorsum
824 1199 930 1237 duco
950 1199 1001 1237 de
1021 1198 1170 1245 arbore,

136 1263 294 1303 ecfodio
313 1265 442 1302 aulam
464 1263 546 1304 auri
568 1265 738 1314 plenam.
798 1264 891 1303 inde
911 1277 958 1302 ex
979 1277 1027 1302 eo
1047 1264 1137 1302 loco

78 1344 116 1366 10
137 1329 255 1369 uideo
277 1328 447 1379 recipere
468 1343 509 1368 se
530 1343 665 1368 senem
681 1344 691 1377 3
720 1328 772 1367 ill’
792 1342 856 1368 me
876 1342 957 1368 non
978 1328 1098 1375 uidet,
1490 1337 1560 1374 710

136 1407 226 1432 nam
248 1407 322 1444 ego
342 1393 538 1432 declinaui
561 1395 777 1445 paullulum
800 1407 863 1432 me
882 1401 989 1432 extra
1009 1393 1125 1432 uiam.

135 1466 243 1506 attat,
266 1472 403 1498 eccum
426 1459 566 1510 ipsum.
628 1460 694 1498 ibo
716 1467 757 1498 ut
778 1460 854 1498 hoc
875 1460 1046 1499 condam
1068 1460 1302 1498 domum.—

67 1567 112 1604 ix
478 1573 691 1610 Ech1o
802 1573 1130 1611 LYCONIDES

137 1653 234 1691 Evc.
268 1652 378 1700 Perii,
402 1652 539 1700 interii,
563 1653 703 1693 occidi.
763 1667 843 1704 quo
864 1655 1046 1692 curram?
1075 1667 1155 1704 quo
1179 1667 1258 1691 non
1286 1655 1469 1692 curram?

888 1726 988 1765 tene,
1013 1725 1113 1757 tene.
1172 1720 1322 1768 quem?
1351 1718 1468 1769 quis?

135 1782 280 1829 nescio,
304 1782 357 1821 nil
379 1782 509 1831 uideo,
532 1796 673 1823 caecus
695 1797 743 1823 eo
758 1792 877 1834 atque
898 1783 1084 1834 equidem
1106 1796 1187 1834 quo
1203 1797 1289 1822 eam
1311 1791 1377 1822 aut
1399 1784 1463 1822 ubi

1123 1848 1196 1887 sim
1217 1856 1283 1887 aut
1305 1849 1370 1899 qui
1392 1849 1464 1887 sim

136 1927 292 1964 nequeo
315 1927 405 1953 cum
435 1913 570 1953 animo
599 1922 750 1954 certum
781 1913 1025 1966 inuestigare.
1086 1927 1251 1964 opsecro
1280 1928 1353 1965 ego
1381 1929 1463 1960 uos,
1486 1927 1551 1964 715

1236 1979 1288 2017 mi
1309 1979 1464 2027 auxilio,

177 2085 242 2124 695
268 2085 343 2124 imp.
372 2084 424 2116 ab.
449 2094 490 2115 eo
515 2083 582 2116 aus.
612 2084 791 2116 Gruterus:
827 2083 980 2125 [effitiam
1007 2083 1080 2124 tibi]
1115 2083 1328 2123 impetratum
1358 2083 1465 2115 habco

135 2127 282 2158 auferam
300 2127 364 2158 cod.
385 2127 441 2168 (iv.
462 2130 495 2169 1)
584 2129 649 2168 698
674 2128 780 2168 nunc]
798 2138 898 2167 quom
915 2127 1051 2168 Seyffert
1067 2127 1112 2168 (v.
1132 2128 1164 2166 ι)
1257 2138 1319 2166 700
1343 2126 1465 2169 (hinc)

135 2170 225 2202 intro
243 2171 297 2201 ubi
315 2170 400 2201 Bria:
532 2181 590 2210 70¹
621 2171 682 2210 pici
702 2174 746 2205 <ct
761 2182 807 2210 sq.
828 2182 857 2202 v.
878 2171 961 2211 Eos)
979 2170 1068 2202 codd.
1086 2170 1193 2201 Nonii
1210 2180 1268 2209 152
1403 2180 1468 2219 707¹

136 2215 186 2245 vel
200 2214 336 2254 ind'que
484 2214 676 2254 spectabam
696 2213 885 2244 Lambinus
1027 2214 1080 2244 ubi
1105 2224 1222 2244 aurum
1251 2213 1398 2254 lssadcs,
1415 2224 1464 2244 cm

137 2257 193 2288 ubi
214 2258 218 2299 1
238 2268 309 2297 aps.
330 2258 471 2299 displicet
590 2259 652 2297 708
676 2258 833 2288 deorsum
851 2257 902 2296 d.]
928 2258 1014 2289 duco
1030 2258 1154 2288 serium
1172 2256 1260 2288 codd.
1279 2256 1385 2287 Nonii
1401 2258 1461 2295 284

139 2311 202 2341 709
226 2312 312 2332 exeo
331 2302 405 2332 ilico
424 2301 508 2332 Brt'x
595 2311 651 2340 7¹¹
682 2311 756 2332 nam
773 2311 838 2339 ego
858 2300 1014 2340 Pylades:
1041 2311 1117 2331 nam
1134 2311 1198 2339 ego
1217 2310 1285 2330 non
1301 2300 1366 2331 cod.
1389 2306 1465 2340 (pro

139 2355 212 2374 nam
230 2356 293 2384 ego
313 2356 389 2375 cum
405 2356 475 2376 var.
496 2346 509 2374 Ι
538 2355 613 2375 non
657 2344 733 2374 l-'m't
749 2348 768 2374 ἦ
788 2346 822 2374 in
839 2345 1032 2385 exemplari:
1047 2344 1103 2381 vii,
1126 2353 1155 2383 p.
1173 2345 1231 2383 95)
1293 2344 1464 2382 paululum

137 2388 210 2419 Ital.
225 2400 231 2420 :
258 2389 391 2427 paulum
408 2388 475 2418 cod.
499 2389 549 2427 (ss.
565 2388 660 2418 Assn.
677 2398 740 2427 925
754 2388 888 2427 paulum
902 2393 964 2429 pro
976 2387 1145 2428 paululum
1162 2399 1169 2424 ς
1195 2398 1224 2418 ν.
1239 2387 1273 2422 8)
1402 2397 1464 2426 712

137 2430 245 2473 (ego)
260 2432 314 2462 ibo
331 2431 428 2462 Goctz
518 2441 578 2470 715
604 2441 665 2462 uos
682 2442 744 2470 ego
761 2431 827 2463 cod.
846 2443 853 2462 :
878 2430 1072 2463 trai.Pelers
1085 2431 1208 2470 (Harv.
1221 2429 1318 2462 stud.
1337 2442 1368 2471 9,
1389 2432 1462 2471 116)
