1727 2712
677 101 968 140 CVRCVLIO
1405 100 1484 137 111.
1505 98 1521 136 i

631 234 869 280 ACTVS
924 234 1002 280 ΙΙΙ

343 334 487 371 cho
597 333 889 371 CVRcvmo
1001 334 1306 372 CAPPADOX

158 421 228 458 Lv.
262 422 406 458 Beatus
426 419 587 458 uideor:
617 418 787 457 subduxi
807 418 1077 464 ratiunculam,

156 492 350 534 quantum
369 484 467 522 aeris
489 483 585 522 mihi
606 483 656 522 sit
675 491 949 534 quantumque
969 482 1085 521 alieni
1106 482 1202 521 siet:

156 549 267 588 diues
288 563 387 596 sum,
410 548 440 587 si
461 562 541 587 non
563 550 688 588 reddo
708 548 764 588 eis
785 548 920 598 quibu⁷
940 548 1094 595 debeo;

156 613 187 652 si
208 614 332 652 reddo
353 613 427 652 illis
447 613 583 663 quibu'
603 614 744 661 debeo,
768 615 855 664 plus
876 613 1044 654 †alieni†
1064 621 1132 651 est.

72 692 137 729 375
157 691 294 716 uerum
316 679 445 716 hercle
466 692 559 717 uero
580 692 703 728 quom
724 679 826 717 belle
846 677 1029 728 recogito,

158 743 188 781 si
211 742 323 793 magi’
345 757 408 781 me
429 743 643 791 instabunt,
666 745 716 782 ad
737 751 956 794 praetorem
978 744 1171 782 sufferam.

158 808 305 847 habent
325 809 430 846 hunc
453 822 603 847 morem
625 809 802 859 plerique
822 808 1027 858 argentarii

156 880 199 911 ut
218 873 316 911 alius
336 873 456 911 alium
478 882 654 923 poscant,
678 875 845 913 reddant
866 873 1024 920 nemini,

158 938 299 989 pugnis
318 952 400 976 rem
422 940 588 986 soluant,
612 938 643 977 si
665 938 752 989 quis
772 946 910 989 poscat
930 938 1080 977 clarius.

72 1010 142 1055 380
158 1003 226 1054 qui
247 1005 368 1042 homo
390 1012 538 1042 mature
559 1003 754 1054 quaesiuit
775 1003 994 1054 pecuniam,

159 1069 233 1108 nisi
253 1083 340 1107 eam
362 1077 511 1108 mature
531 1069 664 1120 parsit,
685 1077 836 1108 mature
857 1069 1004 1108 essurit.

159 1133 275 1184 cupio
295 1133 467 1184 aliquem
487 1133 576 1187 (mi)
596 1148 726 1173 emere
746 1147 912 1184 puerum
934 1134 999 1183 qui
1022 1134 1218 1173 usurarius

158 1213 263 1237 nunc
285 1199 380 1237 mihi
402 1207 619 1250 quaeratur.
679 1213 772 1238 usus
793 1207 851 1237 est
871 1198 1049 1249 pecunia.

159 1265 230 1304 Cv.
263 1264 317 1302 nil
339 1272 379 1303 tu
402 1278 464 1303 me
485 1272 658 1303 saturum
682 1264 892 1303 monueris.
952 1263 1112 1302 memini
1135 1272 1172 1302 et
1193 1263 1284 1304 scio.

72 1335 137 1379 385
158 1343 231 1380 ego
252 1331 328 1369 hoc
349 1331 542 1369 ecfectum
564 1330 695 1381 lepide
716 1330 786 1368 tibi
808 1331 970 1369 tradam.
1031 1337 1125 1368 tace.

158 1396 301 1446 edepol
321 1409 371 1435 ne
392 1409 464 1446 ego
485 1396 549 1435 hic
570 1397 663 1435 med
684 1395 789 1434 intus
810 1395 963 1446 expleui
984 1395 1116 1445 probe,

157 1468 196 1499 et
216 1460 378 1511 quidem
399 1461 534 1511 reliqui
557 1461 597 1499 in
618 1469 756 1500 uentre
777 1462 898 1499 cellae
919 1460 987 1498 uni
1007 1461 1151 1507 locum,

157 1525 226 1564 ubi
246 1525 494 1576 reliquiarum
516 1526 701 1576 reliquias
723 1526 989 1564 reconderem.

157 1590 245 1640 quis
265 1590 329 1630 hic
349 1599 407 1630 est
427 1598 564 1642 operto
585 1590 714 1642 capite
735 1590 801 1641 qui
823 1590 1104 1641 Aesculapium

71 1668 140 1704 390
158 1657 328 1694 salutat?
355 1664 462 1704 attat,
485 1669 605 1706 quem
626 1656 865 1707 quaerebam
884 1659 889 1694 l
920 1669 1084 1706 sequere
1104 1670 1177 1695 me.

158 1720 353 1760 simulabo
373 1721 485 1772 quasi
504 1735 587 1761 non
608 1721 799 1761 nouerim.
860 1722 958 1760 heus
978 1730 1030 1768 tu,
1054 1729 1092 1760 te
1112 1723 1206 1761 uolo
1223 1725 1229 1760 l

158 1788 228 1826 Lv.
261 1790 440 1835 unocule‚
465 1790 582 1828 salue.
644 1790 716 1828 CV.
750 1802 909 1839 quaeso,
933 1788 1140 1828 deridesne
1162 1790 1254 1828 me?

158 1855 227 1892 Lv.
259 1855 310 1893 de
331 1855 558 1894 Coculitum
579 1855 762 1905 prosapia
783 1864 821 1894 te
842 1869 927 1894 esse
947 1854 1121 1901 arbitror,

156 1932 248 1957 narn
269 1919 281 1958 i
301 1928 392 1958 sunt
412 1920 583 1960 unoculi.
644 1922 716 1961 Cv.
750 1922 948 1971 catapulta
968 1922 1045 1959 hoc
1066 1920 1187 1959 ictum
1209 1927 1267 1958 est
1288 1919 1384 1958 mihi

73 1997 135 2034 395
156 1986 262 2035 apud
283 1986 503 2036 Sicyonem.
564 1989 634 2026 ΙΝ.
667 2001 758 2026 narn
782 1987 877 2037 quid
899 1987 939 2026 id
960 1988 1074 2025 refert
1095 1999 1193 2032 mea,

156 2064 207 2088 an
227 2053 316 2090 aula
336 2065 478 2102 quassa
498 2066 589 2091 cum
610 2052 740 2091 cinere
761 2054 936 2091 ecfossus
958 2052 1060 2091 siet?

201 2169 263 2198 374
287 2171 416 2191 versum
432 2160 654 2191 delevt'tBotlse
733 2159 817 2198 sort.
833 2159 935 2190 alieni
952 2159 1109 2199 ampliust
1248 2158 1313 2196 376
1335 2157 1385 2188 vel
1396 2167 1490 2195 mage

157 2213 264 2243 377-9
285 2204 352 2235 secl.
372 2202 438 2234 Leo
527 2205 592 2242 380
614 2203 663 2233 vel
676 2203 819 2242 quaesiit
911 2204 973 2241 382
997 2204 1041 2232 mi
1060 2201 1135 2232 add.
1154 2200 1329 2232 Fleckeisen
1426 2202 1491 2239 386

158 2247 271 2277 velme
286 2247 346 2277 (ita
360 2247 446 2285 cod.)
537 2248 599 2286 387
622 2247 756 2285 quidem
772 2246 979 2277 Camerarius
995 2257 1001 2276 ε
1022 2245 1177 2284 equidem
1192 2244 1256 2275 cod.
1348 2245 1414 2282 389
1432 2244 1489 2282 qui

157 2296 278 2330 operto
295 2290 403 2330 capite
421 2289 502 2321 cod.:
527 2291 597 2320 trar'.
614 2289 715 2320 Bothe
804 2299 868 2328 392
891 2300 958 2319 une
975 2289 1071 2319 ocule
1089 2287 1154 2319 cod.
1244 2297 1308 2326 393
1332 2287 1487 2318 coelitum

159 2334 223 2364 cod.
361 2335 426 2374 396
449 2333 499 2363 vel
513 2343 600 2364 anne
691 2343 766 2363 cum
784 2333 868 2373 cin.]
886 2343 927 2363 an
945 2342 1123 2363 cucumere
1141 2330 1280 2362 Palmer
1296 2331 1485 2371 [Hermatlz.

158 2389 188 2417 99
207 2379 263 2410 68)

1510 330 1588 370 III.
1606 330 1617 367 i

1514 1022 1556 1047 10

1515 1346 1553 1381 15

1514 1678 1556 1701 20

1513 2002 1552 2033 ²5
