1727 2712
700 91 909 131 CASINA

138 199 214 238 sibi
233 200 358 239 istanc
378 214 539 239 uxorem
557 216 564 239 :
594 200 626 239 is
646 209 786 251 sperat,
809 200 841 239 si
861 200 897 239 ei
918 200 967 238 sit
987 201 1090 247 data,

137 265 214 304 sibi
233 267 315 304 fore
335 274 488 316 paratas
508 267 611 304 clam
630 279 792 304 uxorem
813 265 1002 304 excubias
1020 265 1112 305 foris
1129 280 1142 313 ,-

76 344 94 380 5
101 344 118 379 5
139 329 241 368 filius
261 330 293 368 is
312 338 446 369 autem
465 329 702 381 armigerum
721 330 920 381 adlegauit
940 344 1056 369 suom

137 394 207 445 qui
226 394 303 433 sibi
322 409 410 433 eam
431 409 594 434 uxorem
613 403 775 445 posoet:
804 395 890 442 scit,
912 395 944 434 si
964 395 1005 434 id
1025 395 1220 446 impetret,

137 461 312 498 futurum
334 461 444 510 quod
463 469 570 499 amat
589 460 690 499 intra
709 460 909 510 praesepis
924 474 1026 499 suaS.

138 525 243 563 senis
264 538 361 563 uxor
380 525 502 564 sensit
522 525 650 564 uirum
669 525 796 565 amori
815 539 976 575 operam
996 526 1104 572 dare,

138 598 346 641 propterea
365 593 444 629 una
465 591 664 630 consentit
683 604 776 629 cum
796 590 888 630 filio.

73 660 121 695 60
137 655 203 694 ille
222 663 355 694 autem
376 664 588 706 postquam
608 655 732 694 filium
753 655 874 694 sensit
894 669 1010 695 suom

136 721 307 759 eandem
326 720 435 758 illam
454 734 587 759 amare
605 728 644 759 et
664 733 750 759 esse
770 720 1059 771 impedimento
1079 719 1171 769 sibi,

137 785 231 824 hinc
249 787 549 824 adulescentem
568 799 729 836 peregre
748 786 946 836 ablegauit
966 794 1101 836 pater;

136 850 265 890 sciens
285 851 322 889 ei
342 860 467 889 mater
485 852 554 890 dat
573 864 734 901 operam
754 851 909 902 apsenti
929 860 1074 890 tamen„

136 916 180 966 is,
202 930 254 955 ne
273 916 518 967 exspectetis,
540 916 661 955 hodie
680 916 721 954 in
742 917 816 955 hac
836 916 1046 955 comoedia

73 985 116 1030 65
137 981 178 1019 in
198 981 337 1020 urbem
358 994 439 1020 non
459 981 627 1020 redibit:
657 982 818 1019 Plautus
839 981 976 1027 noluit,

136 1055 302 1097 pontem
321 1046 538 1097 interrupit,
560 1047 630 1096 qui
648 1054 731 1085 erat
750 1046 786 1085 ei
805 1046 847 1084 in
866 1046 1014 1085 itinere.

136 1120 228 1150 sunt
248 1111 312 1150 hic
333 1111 434 1150 inter
453 1124 495 1149 se
514 1124 616 1161 quos
636 1124 744 1149 nunc
764 1112 884 1150 credo
905 1111 1061 1150 dicere:

140 1180 149 1196 ‘
161 1190 311 1227 quaeso
331 1178 474 1223 hercle,
496 1177 593 1226 quid
613 1176 714 1215 istuc
734 1179 823 1215 oet?
851 1176 1011 1216 seruiles
1032 1177 1220 1227 nuptiae?

138 1242 268 1282 semin
288 1256 451 1282 intorem
471 1243 620 1282 ducent
639 1250 707 1281 aut
727 1251 893 1292 poscent
913 1242 1018 1282 sibi?

74 1321 120 1356 70
137 1321 288 1347 nouom
307 1309 533 1354 attulerunt,
555 1308 666 1357 quod
685 1307 729 1345 fit
749 1320 944 1357 nusquam
964 1306 1168 1357 gentium?

136 1381 177 1411 at
196 1387 270 1424 ego
289 1373 368 1412 aiio
387 1372 429 1412 id
448 1372 532 1411 fieri
551 1372 592 1410 in
613 1372 779 1412 Graecia
798 1380 838 1411 et
858 1371 1098 1424 Carthagini,

137 1447 177 1477 et
196 1439 261 1477 hic
281 1438 323 1477 in
342 1446 476 1478 nostra
496 1446 595 1477 terra
615 1437 656 1476 in
675 1436 812 1489 (terra)
829 1437 976 1488 Apulia
989 1452 1002 1486 ς

138 1504 366 1555 maioreque
386 1518 504 1555 opere
523 1504 579 1542 ibi
599 1503 760 1542 seruiles
780 1502 942 1553 nuptiae

137 1583 258 1619 quam
278 1570 458 1608 liberales
478 1569 597 1608 etiam
618 1568 743 1608 curari
762 1569 891 1608 solent
906 1583 915 1615 ;

74 1647 116 1684 75
137 1633 178 1673 id
198 1634 240 1672 ni
259 1636 313 1681 fit,
336 1648 495 1674 mecum
513 1634 657 1685 pignus
677 1634 709 1672 si
729 1633 817 1684 quis
837 1635 920 1672 uolt
941 1635 1037 1672 dato

136 1698 178 1737 in
198 1713 337 1738 urnam
358 1699 486 1747 mulsi,
509 1701 668 1738 Poenus
687 1699 786 1738 dum
805 1698 924 1737 iudex
943 1698 1016 1737 siet

136 1765 201 1802 uel
222 1765 396 1803 Graecus
416 1767 530 1811 adeo,
551 1766 616 1803 uel
637 1777 727 1803 mm
745 1777 885 1802 mussa
903 1764 1069 1814 Apulus.

136 1829 235 1879 quid
249 1843 356 1868 nunc
369 1831 387 1868 ?
414 1829 513 1868 nihil
532 1829 645 1879 agitis
657 1831 675 1867 ?
703 1828 843 1875 sentio,
865 1842 986 1867 nemo
1005 1828 1096 1866 sitit.

137 1903 312 1933 reuortar
330 1895 382 1934 ad
402 1894 510 1933 illam
529 1895 703 1944 puellam
723 1893 994 1945 expositiciam
1013 1908 1021 1930 :

73 1963 121 1998 80
137 1972 258 2009 quam
278 1959 381 1998 serui
400 1973 556 1999 summa
574 1958 615 1998 ui
635 1958 711 1998 sibi
730 1973 892 1999 uxorem
912 1966 1112 2009 expetunt,

181 2072 223 2102 54
247 2073 354 2093 uxore
378 2063 412 2093 A
546 2073 589 2102 55
614 2063 642 2093 is
667 2073 733 2095 om.
759 2063 794 2093 P
886 2064 1023 2103 adlegat
1048 2063 1082 2093 A

139 2106 352 2137 Camerarius
480 2108 525 2137 60
548 2107 657 2137 sensit
680 2107 786 2137 filium
804 2106 842 2138 P.
863 2112 975 2138 mmm
995 2112 1139 2137 metrum

136 2149 170 2179 A
303 2151 347 2188 63
371 2150 444 2180 eius
469 2156 578 2180 mater
602 2151 634 2180 ei
659 2149 700 2189 P,
727 2149 910 2181 enoendatio
934 2151 1103 2191 neglegens
1128 2151 1182 2190 iv.
1202 2151 1239 2189 3}-

135 2203 203 2223 om.
222 2193 256 2222 Α
389 2195 471 2231 6·ς
454 2200 535 2223 sunt
551 2194 607 2224 hie
622 2203 707 2232 quos
724 2195 827 2224 credo
851 2205 941 2224 nunc
965 2196 1056 2225 inter
1075 2204 1113 2224 se
1136 2195 1251 2224 dicere
1267 2192 1302 2222 P

136 2236 204 2265 alio
228 2235 263 2265 P
287 2237 362 2277 (pro
386 2238 471 2268 aiio:
496 2238 517 2267 i.
540 2246 629 2275 7.1
732 2237 783 2277 id]
809 2237 874 2268 hoc
896 2237 932 2267 P
1066 2248 1105 2276 72
1129 2237 1163 2267 in
1188 2235 1325 2277 (terra)
1348 2235 1474 2275 Apulia

135 2279 249 2318 scripst
273 2279 326 2320 (αἶ
354 2279 542 2320 ΑΙίεηὸηἮ
564 2290 660 2311 mvn.
680 2280 753 2320 ped.
782 2291 815 2320 p.
837 2291 914 2320 491
975 2280 1111 2322 (terra)
1136 2281 1170 2310 in
1194 2279 1306 2319 Apula
1337 2279 1476 2320 Sofferr

138 2331 180 2361 73
203 2333 308 2362 opera
323 2323 358 2354 P
466 2334 508 2363 79
531 2323 679 2364 puellam
695 2323 787 2355 illam
802 2323 967 2364 Pylades:
984 2325 1067 2364 sort.
1088 2325 1120 2354 il.
1142 2323 1318 2364 puerulam

1226 2073 1270 2102 59
1294 2061 1379 2103 (ea)
1405 2072 1474 2092 una

1271 2108 1315 2137 62
1338 2105 1474 2147 ablegat

1371 2151 1416 2180 66
1439 2149 1474 2179 in

1494 99 1615 128 PROL.

1494 1632 1537 1671 ⁷5
