1727 2712
724 110 930 153 CASINA
1408 99 1487 137 III.
1508 95 1554 133 vi

431 232 499 269 Lv.
530 228 636 268 dabo
656 225 727 264 tibi

53 311 142 351 729²
430 297 527 348 μέγα
547 294 668 338 κακόν,
1514 285 1552 307 10

73 379 142 414 730
268 371 311 402 ut
330 375 405 413 ego
424 360 575 411 opinor,
598 356 672 395 nisi
691 352 847 394 resistis.
907 351 982 390 OL.
1004 349 1057 387 ’Q
1078 350 1157 394 Ζεῦ,

431 424 543 476 potin
562 437 586 461 a
605 436 668 460 me
687 420 818 465 abeas,

432 490 506 530 nisi
527 502 590 527 me
610 487 670 526 uis

57 575 75 610 7
80 571 143 610 32a
434 568 594 594 uomere
613 550 733 591 hodie
745 551 763 588 ?

273 626 343 662 Lv.
376 635 503 661 mane.
562 619 636 658 OL.
668 615 766 667 quid
785 614 873 653 est?
902 610 989 662 quis
1011 609 1075 648 hic
1095 615 1154 647 est
1174 605 1325 645 homo?
1520 613 1555 645 15

31 698 146 744 734—6
166 694 236 731 LY.
268 691 347 729 eru'
368 701 466 727 sum.
518 686 592 725 OL.
624 682 711 733 quis
727 680 845 720 erus?
893 679 963 716 Lv.
996 674 1139 726 quoius
1156 681 1198 711 tu
1214 671 1370 710 seruo's.
1421 669 1494 706 OL.

383 765 517 792 seruos
538 750 640 800 ego?
678 749 748 785 LY.
771 758 818 784 ac
834 744 947 782 meu'.
990 741 1064 779 OL.
1089 752 1169 777 non
1186 750 1273 775 sum
1290 748 1362 784 ego
1378 732 1498 770 liber?

222 827 434 865 memento,
458 822 669 855 memento.
716 813 788 850 LY.
821 821 937 847 mane
957 814 1076 856 atque
1097 811 1190 842 asta.
1241 802 1315 840 OL.
1347 797 1496 837 omitte.

223 889 295 926 Lx'.
327 897 461 923 seruos
482 895 567 920 sum
590 879 689 918 tuos.
749 877 824 915 OL.
856 878 1066 923 optumest.
1127 870 1197 907 LY.
1230 877 1394 917 opsecro
1416 870 1464 908 te,

222 949 450 1001 Olympisee
471 947 536 994 mi,
559 944 612 984 mi
633 950 751 995 pater,
776 939 829 979 mi
850 946 1025 991 patrone.
1086 935 1160 974 OL.
1193 945 1268 978 em,

83 1032 150 1066 740
439 1012 541 1063 sapis
562 1011 665 1050 sane.
1522 1001 1563 1023 20

62 1091 150 1130 740³
439 1080 509 1117 Lv.
542 1077 620 1115 tuo'
642 1087 729 1113 sum
751 1070 948 1122 equidem.

333 1147 408 1186 OL.
440 1143 537 1194 quid
557 1141 610 1179 mi
631 1146 748 1190 opust
769 1149 883 1176 seruo
904 1142 983 1173 tam
1004 1131 1206 1182 nequam?

335 1217 404 1253 Lv.
437 1211 533 1263 quid
554 1209 689 1248 nunc?
718 1219 838 1257 quam
860 1217 951 1242 mox
971 1211 1121 1240 recreas
1141 1197 1234 1235 me?

335 1281 409 1319 OL.
441 1289 540 1316 cena
559 1274 682 1312 modo
702 1270 733 1310 si
755 1269 803 1309 sit
823 1275 947 1308 cocta.

48 1361 153 1398 744-5
175 1350 247 1387 LY.
278 1345 387 1384 hisce
407 1354 498 1393 ergo
521 1339 676 1378 abeant.
735 1335 809 1375 OL.
841 1345 1005 1384 propere
1035 1328 1115 1368 cito
1143 1327 1246 1365 intro
1275 1323 1327 1362 ite
1357 1329 1396 1360 et
1424 1319 1503 1358 cito
1524 1335 1561 1366 ²5

1234 1390 1502 1438 deproperate.

42 1483 155 1527 746-7
231 1489 304 1527 ego
323 1475 401 1513 iam
422 1472 527 1511 intus
546 1482 627 1517 ero,
648 1466 763 1506 facite
783 1476 923 1503 cenam
944 1459 1041 1499 mihi
1061 1465 1104 1496 ut
1124 1455 1232 1495 ebria
1252 1453 1310 1491 sit.

232 1542 302 1580 sed
322 1539 452 1590 lepide
472 1536 676 1584 nitideque
696 1533 801 1577 uolo,
823 1529 878 1567 nil
899 1539 1028 1566 moror
1049 1521 1254 1562 barbarico
1274 1518 1404 1557 bliteo.

27 1620 161 1658 749-50
233 1614 364 1645 stasne
384 1603 531 1642 etiarn?
560 1600 572 1638 i
599 1598 660 1645 sis,
680 1610 753 1647 ego
768 1594 832 1634 hic
848 1593 988 1632 habeo.
1049 1585 1244 1636 numquid
1260 1591 1318 1622 est
1333 1589 1507 1620 ceterum

1150 1649 1259 1701 quod
1280 1660 1412 1686 morae
1432 1645 1509 1684 sit?

179 1739 248 1777 LY.
279 1735 453 1787 gladium
475 1731 660 1773 Casinam
682 1729 786 1766 intus
806 1725 951 1764 habere
971 1721 1034 1767 ait,

339 1801 405 1852 qui
427 1813 489 1838 me
509 1811 554 1836 ac
574 1805 612 1834 te
633 1792 838 1833 interimat.
1529 1792 1570 1823 30

341 1867 414 1905 OL.
447 1864 538 1902 scio.
598 1860 653 1898 sie
673 1858 757 1896 sine
777 1856 921 1894 habere
938 1868 947 1900 3

342 1943 465 1980 nugas
485 1934 628 1977 agunt:
659 1922 754 1962 noui

227 2048 289 2078 729
312 2047 377 2067 om.
406 2035 463 2065 tibi
487 2033 517 2063 P
541 2031 652 2071 (etiam
678 2027 747 2068 ΡΑ)
883 2033 946 2063 730
968 2021 1019 2052 vel
1043 2019 1143 2059 opino
1278 2024 1340 2053 732
1364 2023 1416 2043 me
1443 2011 1509 2051 uis]

184 2092 278 2114 meus
295 2081 326 2111 A
398 2089 458 2118 733
482 2078 582 2107 homo
594 2072 690 2104 estP
756 2070 818 2109 738
843 2073 876 2098 te
893 2077 958 2097 om.
973 2064 1070 2105 P(cf.
1086 2062 1159 2101 704Χ
1236 2069 1297 2098 739
1323 2057 1366 2087 mi
1386 2054 1510 2097 (semem

184 2130 281 2166 pater
297 2124 329 2153 A
399 2132 451 2152 em
469 2117 665 2159 Lvsz'nmcho
682 2114 739 2146 dat
753 2113 786 2144 A
898 2119 956 2149 741
982 2117 1083 2139 seruo
1102 2107 1255 2145 opusest
1269 2101 1301 2131 P
1405 2109 1512 2138 744-9

184 2170 274 2200 im'tia
303 2166 454 2197 mutilata
477 2163 510 2193 P
533 2162 677 2204 (propter
700 2158 876 2188 laceratam
900 2153 1063 2194 paginam
1084 2151 1117 2180 in
1144 2148 1220 2184 PA3
1245 2147 1282 2186 cf.
1309 2143 1356 2174 ad
1376 2154 1404 2174 v.
1432 2143 1510 2181 766)

186 2224 258 2252 744,
279 2221 341 2250 745
365 2210 457 2241 hisce
476 2217 543 2238 om.
560 2204 594 2236 P
691 2211 738 2241 pr.
759 2198 840 2239 cito]
861 2208 909 2237 pr.
931 2195 1039 2227 Citrio
1056 2192 1182 2224 Sclzoell
1279 2191 1460 2228 properate
1476 2185 1509 2215 A

187 2258 260 2296 746,
281 2265 340 2294 747
366 2263 430 2292 ego
447 2261 513 2282 om.
531 2248 564 2280 P
649 2245 750 2277 facito
768 2240 1000 2283 Geppert,sort.
1019 2241 1094 2268 recte
1183 2243 1267 2264 cena
1291 2231 1323 2261 A
1415 2234 1466 2260 est
1483 2228 1516 2259 P

187 2301 250 2339 748
273 2299 332 2329 sed
349 2307 415 2328 om.
443 2295 475 2325 P
548 2290 669 2330 bliteo]
688 2289 752 2319 ritu
770 2286 802 2316 Ρ
899 2294 970 2323 749,
999 2291 1062 2321 750
1079 2277 1211 2317 stasne]
1230 2287 1271 2306 ne
1288 2275 1321 2306 P
1400 2273 1514 2304 habito

187 2344 218 2374 P
303 2342 367 2371 siet
390 2340 422 2370 A
454 2341 491 2369 ut
515 2336 579 2368 vid.
715 2341 771 2370 751
801 2329 948 2368 gladium
978 2337 1043 2356 ont.
1073 2324 1104 2354 P
1236 2329 1297 2359 752
1322 2316 1510 2356 interimat]

188 2387 306 2417 inuitat
323 2385 355 2415 P
