1727 2702
124 93 170 129 V.
195 91 224 128 ii
615 91 662 127 T.
697 90 875 129 MACCI
909 91 1110 128 PLAVTI

195 198 260 238 ubi
284 199 384 238 intro
405 201 507 238 hanc
532 212 678 238 nouam
704 206 867 249 nuptam
891 197 1048 245 deduxi,
1070 205 1176 238 recta
1195 197 1259 237 uia
1279 197 1319 237 in
1339 198 1530 238 conclaue

1370 262 1527 302 abduxi

195 331 265 370 sed
305 339 436 369 tamen
475 329 661 369 tenebrae
699 328 752 368 ibi
787 337 896 368 erant
935 336 1135 379 tamquam
1171 327 1210 368 in
1245 337 1365 379 puteo
1381 343 1390 375 3
1432 329 1526 367 dum

822 408 941 433 senex
960 394 1071 433 abest
1094 393 1332 433 ‘decumbe'
1354 393 1526 444 inquam.

302 461 482 506 conloco,
504 459 634 507 fulcio,
659 459 804 506 mollio,
828 459 1022 508 blandior,

137 539 175 561 10
302 533 343 564 ut
364 524 467 575 prior
487 538 605 575 quam
627 537 746 563 senex
767 522 942 575 nup(tias
963 520 1210 576 perpetrem).

194 591 326 629 tardus
347 603 431 629 esse
452 589 543 628 ilico
563 589 687 639 coepi,
711 589 899 640 quoniam
959 603 977 624 *
1037 602 1055 622 *
1117 604 1134 624 *
1195 601 1213 622 *
1551 590 1616 636 885

302 662 480 705 respecto
500 654 730 700 identidem,
754 668 804 693 ne
823 667 942 693 senex
1001 666 1019 687 *
1081 669 1099 689 *
1161 668 1178 688 *

194 718 433 759 inlecebram
454 719 576 770 stupri
597 719 791 770 principio
811 733 897 758 eam
919 718 1072 758 sauium
1093 731 1216 770 posco
1274 731 1306 765 *,

465 785 633 836 reppulit
656 784 708 823 mi
731 798 903 833 manum,

136 862 174 894 ¹5
464 865 594 902 neque
614 851 720 891 enim
741 853 834 891 dare
855 850 930 890 sibi

519 916 672 955 sanium
694 929 757 955 me
777 915 878 955 siuit.
1551 920 1639 955 888⁵

195 979 302 1020 enim
338 980 415 1020 iam
448 980 570 1031 magis
601 982 833 1032 adpropero,
872 979 985 1031 magi'
1016 979 1094 1019 iam
1129 979 1237 1019 lubet
1269 978 1311 1018 in
1342 977 1528 1019 Casinam
1550 979 1685 1024 889-90
1707 987 1724 1018 -,··

1300 1043 1452 1082 inruere
1511 1056 1528 1077 *

193 1109 312 1162 cupio
333 1110 437 1149 illam
455 1123 615 1161 operam
636 1109 720 1149 seni
741 1107 957 1160 surrupeffi,
976 1109 1098 1148 forem
1120 1109 1239 1156 obdo,
1258 1121 1308 1147 ne
1329 1121 1446 1147 senex
1466 1119 1530 1146 me

1280 1172 1527 1224 opprimeret.

303 1242 374 1281 CL.
405 1241 588 1290 agedum,
611 1247 651 1279 tu
672 1238 738 1279 adi
762 1240 880 1279 hunc.
952 1240 1020 1278 ΡΑ.
1052 1252 1230 1290 opsecro,
1252 1237 1320 1277 ubi
1341 1244 1407 1276 tua
1426 1250 1531 1276 noua

1344 1303 1532 1353 nuptast?

137 1386 177 1408 20
304 1370 377 1410 Ol..
410 1368 505 1421 perii
527 1370 656 1409 hercle
676 1372 766 1420 ego!
796 1370 1017 1409 manufesta
1035 1383 1095 1409 res
1116 1366 1220 1423 [est]
1280 1370 1348 1407 ΡΑ.
1372 1381 1531 1407 omnem
1552 1369 1666 1416 893-5
1714 1402 1716 1407 ,

1294 1432 1333 1471 ἱη
1354 1431 1531 1471 ordinem

305 1499 412 1539 fateri
441 1513 532 1550 ergo
556 1513 726 1550 aequom
751 1506 820 1538 est.
881 1498 977 1549 quid
1006 1498 1111 1538 intus
1138 1498 1292 1549 agitur?
1332 1497 1427 1548 quid
1456 1496 1534 1547 agit

1360 1561 1534 1602 Casina?

198 1630 297 1670 satin
332 1630 521 1680 morigera
555 1631 643 1669 est?
700 1630 774 1670 OL.
811 1631 934 1680 pudet
969 1629 1110 1669 dicere.
1172 1631 1241 1666 ΡΑ,
1272 1641 1447 1666 memora
1475 1640 1533 1665 or·
1553 1627 1666 1673 897-8
1719 1666 1727 1677 Ἰ

1105 1693 1208 1740 dine,
1237 1693 1287 1731 uti
1308 1705 1527 1743 occeperas.

306 1761 380 1799 01..
412 1760 534 1809 pudet
556 1760 695 1798 hercle.
759 1762 824 1797 ΡΛ.
854 1773 924 1810 age
945 1761 1140 1799 audacter.
1548 1738 1617 1782 399

197 1823 441 1877 <post>quam
450 1824 888 1872 decubuisti‚ind'uolo.
930 1823 1286 1878 memora[re]quid
1295 1824 1530 1862 estfactum?
1547 1795 1618 1830 900

141 1901 179 1933 ²5
254 1893 327 1931 Ol..
360 1890 547 1941 flagitium
570 1898 638 1929 est.
700 1892 767 1928 ΡΑ.
800 1891 999 1930 cauebunt
1020 1890 1088 1941 qui
1107 1889 1301 1929 audierint
1323 1889 1476 1928 faciant.

241 1997 305 2026 882
332 1996 362 2026 in
391 2000 494 2035 puteo
519 1995 596 2025 dum
614 2006 678 2025 om.
700 1994 733 2025 P
834 2005 900 2026 nex
920 1997 1000 2034 (non
1018 1995 1086 2036 ΡΛ)
1105 1994 1200 2026 abste
1219 1993 1380 2025 decumbe
1402 1993 1434 2023 in
1453 1993 1534 2031 (non

198 2038 265 2075 ΡΛ)
293 2039 489 2069 dcc-umbem
509 2038 573 2078 PF)
589 2037 621 2068 Ι)
695 2039 788 2078 adest
801 2038 834 2069 A
935 2040 999 2078 883
1024 2039 1176 2070 blandior
1186 2049 1252 2068 om.
1267 2037 1300 2068 Ρ
1383 2037 1535 2076 884—956
1570 2033 1572 2036 ’

198 2083 298 2121 deficit
314 2082 357 2115 A.
375 2083 482 2112 locum
501 2082 642 2112 lacerum
660 2082 753 2112 habet
769 2081 808 2120 P,
826 2087 886 2122 per
899 2084 1005 2122 spatia
1025 2082 1218 2123 plerumque
1241 2080 1367 2111 lacunis
1386 2079 1535 2110 indicatis

197 2127 257 2164 884
272 2126 405 2165 nuptias
421 2130 613 2165 perpetrem
629 2125 755 2156 Sclnoell
885 2126 948 2165 887
968 2126 1169 2156 incelebram
1183 2123 1249 2155 cod.
1381 2123 1446 2153 888
1451 2122 1531 2162 sort.

199 2179 308 2208 neque
335 2168 396 2211 <ea
445 2169 533 2199 enim
559 2172 642 2208 (ct-el.
671 2168 770 2199 dium
915 2169 992 2209 889,
1010 2170 1075 2209 890
1100 2169 1162 2200 iam
1187 2167 1292 2207 magis
1315 2166 1437 2198 Bothe:
1469 2166 1531 2196 iam

199 2213 304 2252 magis
319 2169 418 2254 [iamff
430 2212 493 2243 cod.
555 2212 604 2243 vel
619 2222 715 2250 mage
806 2213 914 2252 8935
939 2218 990 2243 est
1002 2212 1062 2244 del.
1075 2212 1221 2253 Geppertz
1245 2215 1312 2241 rest
1325 2209 1450 2241 Scltoell
1500 2219 1530 2240 ο.

199 2256 318 2286 ordine
339 2256 410 2286 Ital.
527 2256 592 2294 896
607 2266 726 2294 acgum
743 2255 805 2286 cod.
826 2255 871 2292 (G
882 2260 943 2295 pro
953 2256 996 2292 C)
1106 2255 1169 2294 897
1195 2255 1307 2285 dicere
1322 2264 1375 2284 me
1398 2255 1399 2290 ἦ
1420 2253 1532 2293 (εμπ.)

201 2310 290 2330 mora
303 2299 366 2330 md.
380 2305 442 2339 pro
455 2299 568 2329 dicere
589 2301 593 2336 Ι
616 2300 788 2338 (personas
799 2300 891 2339 nola)
906 2310 1054 2331 memora
1143 2299 1208 2338 898
1224 2302 1259 2328 ut
1270 2297 1335 2328 cod.
1425 2296 1534 2335 901—8

200 2343 291 2373 initia
310 2343 462 2373 mamam
481 2343 512 2372 I'
541 2342 577 2381 cf
598 2342 683 2373 adv.
701 2342 780 2378 880)
922 2353 982 2382 901
1013 2347 1089 2383 post
1108 2352 1205 2381 quarn
1225 2341 1413 2372 decubuisti
1433 2340 1532 2370 Lam-

200 2386 296 2416 binus
309 2398 315 2417 :
342 2396 415 2416 uam
433 2386 578 2417 debuisti
596 2385 660 2416 (vd.
779 2396 926 2417 memora
941 2387 1055 2427 scripsi
1069 2390 1106 2417 u!
1113 2386 1180 2425 fia!
1194 2395 1304 2415 versus
1315 2383 1491 2415 Ret'zn'cmus
