<?xml version="1.0" encoding="UTF-8"?>
<!DOCTYPE html PUBLIC "-//W3C//DTD XHTML 1.0 Transitional//EN"
    "http://www.w3.org/TR/xhtml1/DTD/xhtml1-transitional.dtd">
<html xmlns="http://www.w3.org/1999/xhtml" xml:lang="en" lang="en">
 <head>
  <title>
</title>
<meta http-equiv="Content-Type" content="text/html;charset=utf-8" />
  <meta name='ocr-system' content='tesseract 3.04.00' />
  <meta name='ocr-capabilities' content='ocr_page ocr_carea ocr_par ocr_line ocrx_word'/>
</head>
<body>
  <div class='ocr_page' id='page_1' title='image "./comoediaerecogno01plauuoft_0428.png"; bbox 0 0 1727 2702; ppageno 0'>
   <div class='ocr_carea' id='block_1_1' title="bbox 152 87 1153 135">
    <p class='ocr_par' dir='ltr' id='par_1_1' title="bbox 152 87 1153 135">
     <span class='ocr_line' id='line_1_1' title="bbox 152 87 1153 135; baseline 0.009 -9"><span class='ocrx_word' id='word_1_1' title='bbox 152 87 222 127; x_wconf 92' lang='lat' dir='ltr'>IV.</span> <span class='ocrx_word' id='word_1_2' title='bbox 244 91 273 128; x_wconf 85' lang='lat' dir='ltr'>ii</span> <span class='ocrx_word' id='word_1_3' title='bbox 653 95 700 132; x_wconf 91' lang='lat' dir='ltr'>T.</span> <span class='ocrx_word' id='word_1_4' title='bbox 735 95 914 135; x_wconf 79' lang='lat' dir='ltr'>MACCI</span> <span class='ocrx_word' id='word_1_5' title='bbox 949 97 1153 135; x_wconf 84' lang='lat' dir='ltr'>PLAVTI</span> 
     </span>
    </p>
   </div>
   <div class='ocr_carea' id='block_1_2' title="bbox 1694 118 1701 126">
    <p class='ocr_par' dir='ltr' id='par_1_2' title="bbox 1694 118 1701 126">
     <span class='ocr_line' id='line_1_2' title="bbox 1694 118 1701 126; baseline 0 0"><span class='ocrx_word' id='word_1_6' title='bbox 1694 118 1701 126; x_wconf 79' lang='grc' dir='ltr'><em>ι</em></span> 
     </span>
    </p>
   </div>
   <div class='ocr_carea' id='block_1_3' title="bbox 178 207 1572 262">
    <p class='ocr_par' dir='ltr' id='par_1_3' title="bbox 178 207 1572 262">
     <span class='ocr_line' id='line_1_3' title="bbox 178 207 1572 262; baseline 0.004 -17"><span class='ocrx_word' id='word_1_7' title='bbox 178 217 223 250; x_wconf 76' lang='lat'>30</span> <span class='ocrx_word' id='word_1_8' title='bbox 243 207 317 246; x_wconf 72' lang='lat' dir='ltr'>Pu.</span> <span class='ocrx_word' id='word_1_9' title='bbox 349 207 446 258; x_wconf 88' lang='lat' dir='ltr'>quid</span> <span class='ocrx_word' id='word_1_10' title='bbox 476 207 507 246; x_wconf 88' lang='lat' dir='ltr'>si</span> <span class='ocrx_word' id='word_1_11' title='bbox 528 220 643 248; x_wconf 89' lang='lat' dir='ltr'>seruo</span> <span class='ocrx_word' id='word_1_12' title='bbox 662 208 774 248; x_wconf 88' lang='lat' dir='ltr'>aliter</span> <span class='ocrx_word' id='word_1_13' title='bbox 794 208 922 248; x_wconf 92' lang='lat' dir='ltr'>uisum</span> <span class='ocrx_word' id='word_1_14' title='bbox 944 216 1013 256; x_wconf 91' lang='lat' dir='ltr'>est,</span> <span class='ocrx_word' id='word_1_15' title='bbox 1037 222 1117 248; x_wconf 89' lang='lat' dir='ltr'>non</span> <span class='ocrx_word' id='word_1_16' title='bbox 1139 217 1294 261; x_wconf 89' lang='lat' dir='ltr'>poteras</span> <span class='ocrx_word' id='word_1_17' title='bbox 1314 210 1483 258; x_wconf 88' lang='lat' dir='ltr'>nouisse,</span> <span class='ocrx_word' id='word_1_18' title='bbox 1505 224 1572 262; x_wconf 93' lang='lat' dir='ltr'>op-</span> 
     </span>
    </p>
   </div>
   <div class='ocr_carea' id='block_1_4' title="bbox 1673 0 1727 2702">
    <p class='ocr_par' dir='ltr' id='par_1_4' title="bbox 1673 0 1727 2702">
     <span class='ocr_line' id='line_1_4' title="bbox 1673 0 1727 2702; baseline 0 -2391"><span class='ocrx_word' id='word_1_19' title='bbox 1673 0 1727 2702; x_wconf 95' lang='lat' dir='ltr'>   </span> 
     </span>
    </p>
   </div>
   <div class='ocr_carea' id='block_1_5' title="bbox 240 278 1701 464">
    <p class='ocr_par' dir='ltr' id='par_1_5' title="bbox 240 278 1701 464">
     <span class='ocr_line' id='line_1_5' title="bbox 1433 278 1574 316; baseline -0.007 0"><span class='ocrx_word' id='word_1_20' title='bbox 1433 278 1574 316; x_wconf 84' lang='lat' dir='ltr'>secro?</span> 
     </span>
     <span class='ocr_line' id='line_1_6' title="bbox 240 284 1701 401; baseline 0.002 -24"><span class='ocrx_word' id='word_1_21' title='bbox 240 339 308 377; x_wconf 74' lang='lat' dir='ltr'>PE.</span> <span class='ocrx_word' id='word_1_22' title='bbox 341 338 437 390; x_wconf 87' lang='lat' dir='ltr'>quid</span> <span class='ocrx_word' id='word_1_23' title='bbox 476 352 560 390; x_wconf 88' lang='lat' dir='ltr'>ego,</span> <span class='ocrx_word' id='word_1_24' title='bbox 590 338 657 390; x_wconf 90' lang='lat' dir='ltr'>qui</span> <span class='ocrx_word' id='word_1_25' title='bbox 691 339 796 378; x_wconf 89' lang='lat' dir='ltr'>illam</span> <span class='ocrx_word' id='word_1_26' title='bbox 828 347 869 378; x_wconf 90' lang='lat' dir='ltr'>ut</span> <span class='ocrx_word' id='word_1_27' title='bbox 896 340 1090 390; x_wconf 91' lang='lat' dir='ltr'>preimum</span> <span class='ocrx_word' id='word_1_28' title='bbox 1121 341 1214 388; x_wconf 87' lang='lat' dir='ltr'>uidi,</span> <span class='ocrx_word' id='word_1_29' title='bbox 1244 355 1460 392; x_wconf 85' lang='lat' dir='ltr'>numquam</span> <span class='ocrx_word' id='word_1_30' title='bbox 1488 284 1701 401; x_wconf 57' lang='lat' dir='ltr'>uidi600s}</span> 
     </span>
     <span class='ocr_line' id='line_1_7' title="bbox 1403 404 1697 464; baseline -0.003 -18"><span class='ocrx_word' id='word_1_31' title='bbox 1403 408 1572 458; x_wconf 88' lang='lat' dir='ltr'>postea?</span> <span class='ocrx_word' id='word_1_32' title='bbox 1672 404 1697 464; x_wconf 54' lang='grc' dir='ltr'>ξ’</span> 
     </span>
    </p>
   </div>
   <div class='ocr_carea' id='block_1_6' title="bbox 241 468 1574 583">
    <p class='ocr_par' dir='ltr' id='par_1_6' title="bbox 241 468 1574 583">
     <span class='ocr_line' id='line_1_8' title="bbox 241 468 1572 520; baseline 0.002 -13"><span class='ocrx_word' id='word_1_33' title='bbox 241 471 315 508; x_wconf 76' lang='lat' dir='ltr'>PH.</span> <span class='ocrx_word' id='word_1_34' title='bbox 347 468 443 520; x_wconf 90' lang='lat' dir='ltr'>perii</span> <span class='ocrx_word' id='word_1_35' title='bbox 477 469 641 508; x_wconf 88' lang='lat' dir='ltr'>misera!</span> <span class='ocrx_word' id='word_1_36' title='bbox 712 471 781 508; x_wconf 82' lang='lat' dir='ltr'>PE.</span> <span class='ocrx_word' id='word_1_37' title='bbox 814 483 864 509; x_wconf 85' lang='lat' dir='ltr'>ne</span> <span class='ocrx_word' id='word_1_38' title='bbox 902 471 962 518; x_wconf 87' lang='lat' dir='ltr'>fle,</span> <span class='ocrx_word' id='word_1_39' title='bbox 1000 470 1148 510; x_wconf 90' lang='lat' dir='ltr'>mulier.</span> <span class='ocrx_word' id='word_1_40' title='bbox 1218 471 1320 510; x_wconf 89' lang='lat' dir='ltr'>intro</span> <span class='ocrx_word' id='word_1_41' title='bbox 1357 471 1433 517; x_wconf 90' lang='lat' dir='ltr'>abi,</span> <span class='ocrx_word' id='word_1_42' title='bbox 1470 470 1572 510; x_wconf 85' lang='lat' dir='ltr'>habe</span> 
     </span>
     <span class='ocr_line' id='line_1_9' title="bbox 1202 536 1574 583; baseline -0.003 -8"><span class='ocrx_word' id='word_1_43' title='bbox 1202 536 1376 575; x_wconf 85' lang='lat' dir='ltr'>animum</span> <span class='ocrx_word' id='word_1_44' title='bbox 1398 536 1548 574; x_wconf 87' lang='lat' dir='ltr'>bonum</span> <span class='ocrx_word' id='word_1_45' title='bbox 1563 549 1574 583; x_wconf 79' lang='lat'><em>3</em></span> 
     </span>
    </p>
   </div>
   <div class='ocr_carea' id='block_1_7' title="bbox 178 599 1654 976">
    <p class='ocr_par' dir='ltr' id='par_1_7' title="bbox 178 599 1654 976">
     <span class='ocr_line' id='line_1_10' title="bbox 239 599 1572 650; baseline 0 -12"><span class='ocrx_word' id='word_1_46' title='bbox 239 612 312 649; x_wconf 88' lang='lat' dir='ltr'>ego</span> <span class='ocrx_word' id='word_1_47' title='bbox 351 599 456 638; x_wconf 89' lang='lat' dir='ltr'>illam</span> <span class='ocrx_word' id='word_1_48' title='bbox 496 599 696 650; x_wconf 85' lang='lat' dir='ltr'>reperiam.</span> <span class='ocrx_word' id='word_1_49' title='bbox 771 601 844 639; x_wconf 80' lang='lat' dir='ltr'>PH.</span> <span class='ocrx_word' id='word_1_50' title='bbox 878 599 970 639; x_wconf 90' lang='lat' dir='ltr'>hinc</span> <span class='ocrx_word' id='word_1_51' title='bbox 1009 600 1178 640; x_wconf 84' lang='lat' dir='ltr'><strong>Athenis</strong></span> <span class='ocrx_word' id='word_1_52' title='bbox 1216 600 1313 639; x_wconf 88' lang='lat' dir='ltr'>ciuis</span> <span class='ocrx_word' id='word_1_53' title='bbox 1351 613 1439 639; x_wconf 88' lang='lat' dir='ltr'>eam</span> <span class='ocrx_word' id='word_1_54' title='bbox 1476 599 1572 638; x_wconf 90' lang='lat' dir='ltr'>emit</span> 
     </span>
     <span class='ocr_line' id='line_1_11' title="bbox 1393 664 1572 704; baseline 0 -1"><span class='ocrx_word' id='word_1_55' title='bbox 1393 664 1572 704; x_wconf 87' lang='lat' dir='ltr'>Atticus:</span> 
     </span>
     <span class='ocr_line' id='line_1_12' title="bbox 237 729 1570 780; baseline 0.001 -13"><span class='ocrx_word' id='word_1_56' title='bbox 237 730 531 768; x_wconf 87' lang='lat' dir='ltr'>adulescentem</span> <span class='ocrx_word' id='word_1_57' title='bbox 553 730 738 780; x_wconf 87' lang='lat' dir='ltr'>equidem</span> <span class='ocrx_word' id='word_1_58' title='bbox 759 730 945 769; x_wconf 86' lang='lat' dir='ltr'>dicebant</span> <span class='ocrx_word' id='word_1_59' title='bbox 961 731 1111 769; x_wconf 85' lang='lat' dir='ltr'>emisse.</span> <span class='ocrx_word' id='word_1_60' title='bbox 1154 731 1222 768; x_wconf 81' lang='lat' dir='ltr'>PE.</span> <span class='ocrx_word' id='word_1_61' title='bbox 1245 729 1456 778; x_wconf 89' lang='lat' dir='ltr'>inueniam,</span> <span class='ocrx_word' id='word_1_62' title='bbox 1474 737 1570 769; x_wconf 89' lang='lat' dir='ltr'>tace.</span> 
     </span>
     <span class='ocr_line' id='line_1_13' title="bbox 178 793 1466 844; baseline 0.002 -13"><span class='ocrx_word' id='word_1_63' title='bbox 178 804 218 836; x_wconf 82' lang='lat'>35</span> <span class='ocrx_word' id='word_1_64' title='bbox 238 793 303 832; x_wconf 92' lang='lat' dir='ltr'>abi</span> <span class='ocrx_word' id='word_1_65' title='bbox 324 795 445 832; x_wconf 93' lang='lat' dir='ltr'>modo</span> <span class='ocrx_word' id='word_1_66' title='bbox 466 793 568 832; x_wconf 90' lang='lat' dir='ltr'>intro</span> <span class='ocrx_word' id='word_1_67' title='bbox 588 802 707 844; x_wconf 87' lang='lat' dir='ltr'>atque</span> <span class='ocrx_word' id='word_1_68' title='bbox 727 796 830 833; x_wconf 90' lang='lat' dir='ltr'>hanc</span> <span class='ocrx_word' id='word_1_69' title='bbox 849 796 1017 834; x_wconf 91' lang='lat' dir='ltr'>adserua</span> <span class='ocrx_word' id='word_1_70' title='bbox 1037 795 1192 834; x_wconf 89' lang='lat' dir='ltr'>Circam</span> <span class='ocrx_word' id='word_1_71' title='bbox 1214 794 1314 838; x_wconf 83' lang='lat' dir='ltr'>Solis</span> <span class='ocrx_word' id='word_1_72' title='bbox 1336 794 1466 834; x_wconf 88' lang='lat' dir='ltr'>filiam.</span> 
     </span>
     <span class='ocr_line' id='line_1_14' title="bbox 238 859 1654 911; baseline -0.001 -13"><span class='ocrx_word' id='word_1_73' title='bbox 238 872 312 910; x_wconf 88' lang='lat' dir='ltr'>ego</span> <span class='ocrx_word' id='word_1_74' title='bbox 332 859 474 898; x_wconf 90' lang='lat' dir='ltr'>relictis</span> <span class='ocrx_word' id='word_1_75' title='bbox 495 860 611 898; x_wconf 88' lang='lat' dir='ltr'>rebus</span> <span class='ocrx_word' id='word_1_76' title='bbox 634 859 845 909; x_wconf 89' lang='lat' dir='ltr'>Epidicum</span> <span class='ocrx_word' id='word_1_77' title='bbox 868 873 1028 911; x_wconf 87' lang='lat' dir='ltr'>operam</span> <span class='ocrx_word' id='word_1_78' title='bbox 1049 861 1278 910; x_wconf 89' lang='lat' dir='ltr'>quaerendo</span> <span class='ocrx_word' id='word_1_79' title='bbox 1297 860 1404 899; x_wconf 91' lang='lat' dir='ltr'>dabo</span> <span class='ocrx_word' id='word_1_80' title='bbox 1423 874 1430 898; x_wconf 92' lang='lat'>:</span> <span class='ocrx_word' id='word_1_81' title='bbox 1588 862 1654 907; x_wconf 82' lang='lat'>605</span> 
     </span>
     <span class='ocr_line' id='line_1_15' title="bbox 238 923 1506 976; baseline 0.001 -13"><span class='ocrx_word' id='word_1_82' title='bbox 238 924 269 963; x_wconf 89' lang='lat' dir='ltr'>si</span> <span class='ocrx_word' id='word_1_83' title='bbox 285 923 447 964; x_wconf 89' lang='lat' dir='ltr'>inuenio</span> <span class='ocrx_word' id='word_1_84' title='bbox 466 924 705 964; x_wconf 89' lang='lat' dir='ltr'>exitiabilem</span> <span class='ocrx_word' id='word_1_85' title='bbox 726 937 800 976; x_wconf 89' lang='lat' dir='ltr'>ego</span> <span class='ocrx_word' id='word_1_86' title='bbox 820 925 873 963; x_wconf 90' lang='lat' dir='ltr'>illi</span> <span class='ocrx_word' id='word_1_87' title='bbox 895 925 1036 963; x_wconf 86' lang='lat' dir='ltr'>faciam</span> <span class='ocrx_word' id='word_1_88' title='bbox 1057 926 1163 964; x_wconf 91' lang='lat' dir='ltr'>hunc</span> <span class='ocrx_word' id='word_1_89' title='bbox 1184 932 1226 964; x_wconf 87' lang='lat' dir='ltr'>ut</span> <span class='ocrx_word' id='word_1_90' title='bbox 1245 923 1312 964; x_wconf 85' lang='lat' dir='ltr'>fiat</span> <span class='ocrx_word' id='word_1_91' title='bbox 1332 925 1506 965; x_wconf 91' lang='lat' dir='ltr'>diem.—</span> 
     </span>
    </p>
   </div>
   <div class='ocr_carea' id='block_1_8' title="bbox 1684 514 1694 565">
    <p class='ocr_par' dir='ltr' id='par_1_8' title="bbox 1684 514 1694 565">
     <span class='ocr_line' id='line_1_16' title="bbox 1684 514 1694 565; baseline 0 0"><span class='ocrx_word' id='word_1_92' title='bbox 1684 514 1694 565; x_wconf 65' lang='grc' dir='ltr'>ἱ,</span> 
     </span>
    </p>
   </div>
   <div class='ocr_carea' id='block_1_9' title="bbox 739 1117 1069 1166">
    <p class='ocr_par' dir='ltr' id='par_1_9' title="bbox 739 1117 1069 1166">
     <span class='ocr_line' id='line_1_17' title="bbox 739 1117 1069 1166; baseline 0 -1"><span class='ocrx_word' id='word_1_93' title='bbox 739 1117 974 1166; x_wconf 82' lang='lat' dir='ltr'>ACTVS</span> <span class='ocrx_word' id='word_1_94' title='bbox 1022 1119 1069 1165; x_wconf 92' lang='lat' dir='ltr'>V</span> 
     </span>
    </p>
   </div>
   <div class='ocr_carea' id='block_1_10' title="bbox 130 1229 1516 1333">
    <p class='ocr_par' dir='ltr' id='par_1_10' title="bbox 130 1229 1516 1333">
     <span class='ocr_line' id='line_1_18' title="bbox 130 1229 1516 1270; baseline 0.001 -2"><span class='ocrx_word' id='word_1_95' title='bbox 130 1229 214 1268; x_wconf 88' lang='lat' dir='ltr'>V.i</span> <span class='ocrx_word' id='word_1_96' title='bbox 298 1231 762 1269; x_wconf 73' lang='lat' dir='ltr'>STRATIPPOCLES</span> <span class='ocrx_word' id='word_1_97' title='bbox 875 1232 1150 1269; x_wconf 77' lang='lat' dir='ltr'>EP1D1cvs</span> <span class='ocrx_word' id='word_1_98' title='bbox 1262 1231 1516 1270; x_wconf 72' lang='lat' dir='ltr'>DAleTA</span> 
     </span>
     <span class='ocr_line' id='line_1_19' title="bbox 761 1297 1042 1333; baseline 0 0"><span class='ocrx_word' id='word_1_99' title='bbox 761 1297 1042 1333; x_wconf 74' lang='lat' dir='ltr'>TELEsris</span> 
     </span>
    </p>
   </div>
   <div class='ocr_carea' id='block_1_11' title="bbox 192 1376 1653 2014">
    <p class='ocr_par' dir='ltr' id='par_1_11' title="bbox 192 1376 1653 2014">
     <span class='ocr_line' id='line_1_20' title="bbox 233 1376 1569 1428; baseline 0.001 -13"><span class='ocrx_word' id='word_1_100' title='bbox 233 1378 295 1416; x_wconf 82' lang='lat' dir='ltr'>ST.</span> <span class='ocrx_word' id='word_1_101' title='bbox 330 1378 438 1416; x_wconf 87' lang='lat' dir='ltr'>Male</span> <span class='ocrx_word' id='word_1_102' title='bbox 468 1377 682 1427; x_wconf 85' lang='lat' dir='ltr'>morigerus</span> <span class='ocrx_word' id='word_1_103' title='bbox 711 1376 806 1415; x_wconf 88' lang='lat' dir='ltr'>mihi</span> <span class='ocrx_word' id='word_1_104' title='bbox 834 1385 892 1416; x_wconf 86' lang='lat' dir='ltr'>est</span> <span class='ocrx_word' id='word_1_105' title='bbox 919 1377 1084 1426; x_wconf 88' lang='lat' dir='ltr'>danista,</span> <span class='ocrx_word' id='word_1_106' title='bbox 1114 1377 1205 1428; x_wconf 91' lang='lat' dir='ltr'>quei</span> <span class='ocrx_word' id='word_1_107' title='bbox 1229 1391 1252 1416; x_wconf 85' lang='lat' dir='ltr'>a</span> <span class='ocrx_word' id='word_1_108' title='bbox 1276 1391 1340 1416; x_wconf 89' lang='lat' dir='ltr'>me</span> <span class='ocrx_word' id='word_1_109' title='bbox 1364 1384 1569 1428; x_wconf 85' lang='lat' dir='ltr'>argentum</span> 
     </span>
     <span class='ocr_line' id='line_1_21' title="bbox 1371 1442 1570 1493; baseline 0.005 -13"><span class='ocrx_word' id='word_1_110' title='bbox 1371 1455 1450 1481; x_wconf 89' lang='lat' dir='ltr'>non</span> <span class='ocrx_word' id='word_1_111' title='bbox 1471 1442 1570 1493; x_wconf 91' lang='lat' dir='ltr'>petit</span> 
     </span>
     <span class='ocr_line' id='line_1_22' title="bbox 234 1506 1568 1559; baseline -0.001 -13"><span class='ocrx_word' id='word_1_112' title='bbox 234 1520 364 1558; x_wconf 87' lang='lat' dir='ltr'>neque</span> <span class='ocrx_word' id='word_1_113' title='bbox 396 1507 500 1546; x_wconf 90' lang='lat' dir='ltr'>illam</span> <span class='ocrx_word' id='word_1_114' title='bbox 533 1507 695 1546; x_wconf 82' lang='lat' dir='ltr'>adducit</span> <span class='ocrx_word' id='word_1_115' title='bbox 731 1521 848 1558; x_wconf 86' lang='lat' dir='ltr'>quam</span> <span class='ocrx_word' id='word_1_116' title='bbox 883 1506 997 1559; x_wconf 69' lang='lat' dir='ltr'>(emi)</span> <span class='ocrx_word' id='word_1_117' title='bbox 1025 1521 1071 1546; x_wconf 85' lang='lat' dir='ltr'>ex</span> <span class='ocrx_word' id='word_1_118' title='bbox 1100 1509 1255 1558; x_wconf 85' lang='lat' dir='ltr'>praeda.</span> <span class='ocrx_word' id='word_1_119' title='bbox 1329 1508 1400 1545; x_wconf 88' lang='lat' dir='ltr'>sed</span> <span class='ocrx_word' id='word_1_120' title='bbox 1429 1520 1568 1546; x_wconf 89' lang='lat' dir='ltr'>eccum</span> 
     </span>
     <span class='ocr_line' id='line_1_23' title="bbox 1195 1571 1566 1623; baseline 0.003 -13"><span class='ocrx_word' id='word_1_121' title='bbox 1195 1572 1342 1611; x_wconf 85' lang='lat' dir='ltr'>incedit</span> <span class='ocrx_word' id='word_1_122' title='bbox 1365 1571 1566 1623; x_wconf 89' lang='lat' dir='ltr'>Epidicus.</span> 
     </span>
     <span class='ocr_line' id='line_1_24' title="bbox 233 1637 1361 1688; baseline -0.001 -12"><span class='ocrx_word' id='word_1_123' title='bbox 233 1637 329 1688; x_wconf 90' lang='lat' dir='ltr'>quid</span> <span class='ocrx_word' id='word_1_124' title='bbox 350 1638 441 1682; x_wconf 87' lang='lat' dir='ltr'>illuc</span> <span class='ocrx_word' id='word_1_125' title='bbox 462 1646 520 1677; x_wconf 84' lang='lat' dir='ltr'>est</span> <span class='ocrx_word' id='word_1_126' title='bbox 541 1639 648 1688; x_wconf 88' lang='lat' dir='ltr'>quod</span> <span class='ocrx_word' id='word_1_127' title='bbox 671 1638 724 1676; x_wconf 83' lang='lat' dir='ltr'>illi</span> <span class='ocrx_word' id='word_1_128' title='bbox 746 1646 919 1688; x_wconf 84' lang='lat' dir='ltr'>caperrat</span> <span class='ocrx_word' id='word_1_129' title='bbox 940 1639 1045 1676; x_wconf 86' lang='lat' dir='ltr'>frons</span> <span class='ocrx_word' id='word_1_130' title='bbox 1066 1637 1361 1676; x_wconf 87' lang='lat' dir='ltr'>seueritudine?</span> 
     </span>
     <span class='ocr_line' id='line_1_25' title="bbox 235 1701 1653 1753; baseline -0.002 -12"><span class='ocrx_word' id='word_1_131' title='bbox 235 1704 304 1741; x_wconf 77' lang='grc' dir='ltr'>ΕΡ.</span> <span class='ocrx_word' id='word_1_132' title='bbox 337 1703 368 1741; x_wconf 89' lang='lat' dir='ltr'>si</span> <span class='ocrx_word' id='word_1_133' title='bbox 389 1703 574 1742; x_wconf 88' lang='lat' dir='ltr'>undecim</span> <span class='ocrx_word' id='word_1_134' title='bbox 596 1704 692 1742; x_wconf 87' lang='lat' dir='ltr'>deos</span> <span class='ocrx_word' id='word_1_135' title='bbox 713 1703 864 1752; x_wconf 79' lang='lat' dir='ltr'>praeter</span> <span class='ocrx_word' id='word_1_136' title='bbox 885 1716 969 1741; x_wconf 85' lang='lat' dir='ltr'>sese</span> <span class='ocrx_word' id='word_1_137' title='bbox 990 1716 1124 1741; x_wconf 86' lang='lat' dir='ltr'>secum</span> <span class='ocrx_word' id='word_1_138' title='bbox 1145 1703 1318 1741; x_wconf 87' lang='lat' dir='ltr'>adducat</span> <span class='ocrx_word' id='word_1_139' title='bbox 1340 1701 1527 1753; x_wconf 89' lang='lat' dir='ltr'>Iuppiter,</span> <span class='ocrx_word' id='word_1_140' title='bbox 1583 1703 1653 1738; x_wconf 89' lang='lat'>610</span> 
     </span>
     <span class='ocr_line' id='line_1_26' title="bbox 192 1766 1441 1818; baseline -0.002 -10"><span class='ocrx_word' id='word_1_141' title='bbox 192 1777 210 1808; x_wconf 86' lang='grc'>5</span> <span class='ocrx_word' id='word_1_142' title='bbox 232 1767 285 1806; x_wconf 89' lang='lat' dir='ltr'>ita</span> <span class='ocrx_word' id='word_1_143' title='bbox 305 1781 384 1806; x_wconf 91' lang='lat' dir='ltr'>non</span> <span class='ocrx_word' id='word_1_144' title='bbox 405 1781 544 1807; x_wconf 90' lang='lat' dir='ltr'>omnes</span> <span class='ocrx_word' id='word_1_145' title='bbox 565 1782 611 1806; x_wconf 87' lang='lat' dir='ltr'>ex</span> <span class='ocrx_word' id='word_1_146' title='bbox 631 1768 802 1806; x_wconf 87' lang='lat' dir='ltr'>cruciatu</span> <span class='ocrx_word' id='word_1_147' title='bbox 826 1775 1009 1818; x_wconf 88' lang='lat' dir='ltr'>poterunt</span> <span class='ocrx_word' id='word_1_148' title='bbox 1029 1767 1197 1806; x_wconf 87' lang='lat' dir='ltr'>eximere</span> <span class='ocrx_word' id='word_1_149' title='bbox 1220 1766 1441 1817; x_wconf 89' lang='lat' dir='ltr'>Epidicum.</span> 
     </span>
     <span class='ocr_line' id='line_1_27' title="bbox 233 1832 1468 1884; baseline 0.001 -13"><span class='ocrx_word' id='word_1_150' title='bbox 233 1833 494 1884; x_wconf 89' lang='lat' dir='ltr'>Periphanem</span> <span class='ocrx_word' id='word_1_151' title='bbox 516 1847 646 1873; x_wconf 90' lang='lat' dir='ltr'>emere</span> <span class='ocrx_word' id='word_1_152' title='bbox 667 1835 747 1872; x_wconf 86' lang='lat' dir='ltr'>lora</span> <span class='ocrx_word' id='word_1_153' title='bbox 770 1833 863 1881; x_wconf 88' lang='lat' dir='ltr'>uidi,</span> <span class='ocrx_word' id='word_1_154' title='bbox 887 1833 939 1871; x_wconf 93' lang='lat' dir='ltr'>ibi</span> <span class='ocrx_word' id='word_1_155' title='bbox 961 1835 1095 1872; x_wconf 81' lang='lat' dir='ltr'>aderat</span> <span class='ocrx_word' id='word_1_156' title='bbox 1116 1846 1195 1871; x_wconf 88' lang='lat' dir='ltr'>una</span> <span class='ocrx_word' id='word_1_157' title='bbox 1214 1832 1440 1883; x_wconf 86' lang='lat' dir='ltr'>Apoecides</span> <span class='ocrx_word' id='word_1_158' title='bbox 1457 1847 1468 1880; x_wconf 76' lang='lat'><em>3</em></span> 
     </span>
     <span class='ocr_line' id='line_1_28' title="bbox 232 1898 1443 1949; baseline -0.001 -12"><span class='ocrx_word' id='word_1_159' title='bbox 232 1911 338 1937; x_wconf 90' lang='lat' dir='ltr'>nunc</span> <span class='ocrx_word' id='word_1_160' title='bbox 359 1898 540 1937; x_wconf 85' lang='lat' dir='ltr'>homines</span> <span class='ocrx_word' id='word_1_161' title='bbox 563 1912 625 1937; x_wconf 91' lang='lat' dir='ltr'>me</span> <span class='ocrx_word' id='word_1_162' title='bbox 647 1899 864 1949; x_wconf 85' lang='lat' dir='ltr'>quaeritare</span> <span class='ocrx_word' id='word_1_163' title='bbox 885 1899 1014 1937; x_wconf 87' lang='lat' dir='ltr'>credo.</span> <span class='ocrx_word' id='word_1_164' title='bbox 1074 1905 1291 1945; x_wconf 88' lang='lat' dir='ltr'>senserunt,</span> <span class='ocrx_word' id='word_1_165' title='bbox 1314 1898 1443 1936; x_wconf 88' lang='lat' dir='ltr'>sciunt</span> 
     </span>
     <span class='ocr_line' id='line_1_29' title="bbox 232 1961 1562 2014; baseline -0.002 -12"><span class='ocrx_word' id='word_1_166' title='bbox 232 1963 305 2002; x_wconf 90' lang='lat' dir='ltr'>sibi</span> <span class='ocrx_word' id='word_1_167' title='bbox 326 1964 418 2002; x_wconf 88' lang='lat' dir='ltr'>data</span> <span class='ocrx_word' id='word_1_168' title='bbox 438 1976 523 2002; x_wconf 87' lang='lat' dir='ltr'>esse</span> <span class='ocrx_word' id='word_1_169' title='bbox 544 1964 674 2002; x_wconf 84' lang='lat' dir='ltr'>uerba.</span> <span class='ocrx_word' id='word_1_170' title='bbox 718 1965 779 2002; x_wconf 83' lang='lat' dir='ltr'>ST.</span> <span class='ocrx_word' id='word_1_171' title='bbox 804 1963 900 2014; x_wconf 87' lang='lat' dir='ltr'>quid</span> <span class='ocrx_word' id='word_1_172' title='bbox 921 1963 1012 2013; x_wconf 84' lang='lat' dir='ltr'>agis,</span> <span class='ocrx_word' id='word_1_173' title='bbox 1036 1976 1124 2001; x_wconf 80' lang='lat' dir='ltr'>mea</span> <span class='ocrx_word' id='word_1_174' title='bbox 1145 1961 1453 2002; x_wconf 84' lang='lat' dir='ltr'>Commoditas?</span> <span class='ocrx_word' id='word_1_175' title='bbox 1493 1963 1562 2001; x_wconf 78' lang='grc' dir='ltr'>ΕΡ.</span> 
     </span>
    </p>
   </div>
   <div class='ocr_carea' id='block_1_12' title="bbox 228 2027 1568 2393">
    <p class='ocr_par' dir='ltr' id='par_1_12' title="bbox 1305 2027 1561 2078">
     <span class='ocr_line' id='line_1_30' title="bbox 1305 2027 1561 2078; baseline -0.004 -12"><span class='ocrx_word' id='word_1_176' title='bbox 1305 2029 1413 2078; x_wconf 90' lang='lat' dir='ltr'>quod</span> <span class='ocrx_word' id='word_1_177' title='bbox 1435 2027 1561 2066; x_wconf 90' lang='lat' dir='ltr'>miser.</span> 
     </span>
    </p>

    <p class='ocr_par' dir='ltr' id='par_1_13' title="bbox 228 2129 1568 2393">
     <span class='ocr_line' id='line_1_31' title="bbox 273 2129 1568 2174; baseline -0.005 -7"><span class='ocrx_word' id='word_1_178' title='bbox 273 2145 336 2174; x_wconf 84' lang='lat'>599</span> <span class='ocrx_word' id='word_1_179' title='bbox 360 2136 496 2167; x_wconf 87' lang='lat' dir='ltr'>seruolo</span> <span class='ocrx_word' id='word_1_180' title='bbox 520 2139 607 2174; x_wconf 67' lang='lat' dir='ltr'>(cum</span> <span class='ocrx_word' id='word_1_181' title='bbox 629 2136 745 2167; x_wconf 41' lang='lat' dir='ltr'>nosse*</span> <span class='ocrx_word' id='word_1_182' title='bbox 766 2135 906 2174; x_wconf 72' lang='lat' dir='ltr'>Hosper.</span> <span class='ocrx_word' id='word_1_183' title='bbox 928 2132 1073 2173; x_wconf 65' lang='grc' dir='ltr'>ν’](νΙΙιηιί</span> <span class='ocrx_word' id='word_1_184' title='bbox 1085 2142 1185 2162; x_wconf 84' lang='lat' dir='ltr'>causa</span> <span class='ocrx_word' id='word_1_185' title='bbox 1311 2132 1371 2161; x_wconf 89' lang='lat'>601</span> <span class='ocrx_word' id='word_1_186' title='bbox 1400 2129 1568 2162; x_wconf 67' lang='lat' dir='ltr'>habeto?</span> 
     </span>
     <span class='ocr_line' id='line_1_32' title="bbox 232 2174 1562 2219; baseline -0.004 -11"><span class='ocrx_word' id='word_1_187' title='bbox 232 2179 282 2219; x_wconf 64' lang='lat' dir='ltr'>(tf</span> <span class='ocrx_word' id='word_1_188' title='bbox 297 2177 415 2211; x_wconf 83' lang='lat' dir='ltr'>Pseud.</span> <span class='ocrx_word' id='word_1_189' title='bbox 435 2189 525 2219; x_wconf 79' lang='lat'><strong>1073,</strong></span> <span class='ocrx_word' id='word_1_190' title='bbox 542 2179 640 2210; x_wconf 77' lang='lat' dir='ltr'><em>Stich.</em></span> <span class='ocrx_word' id='word_1_191' title='bbox 655 2181 734 2219; x_wconf 83' lang='lat'><strong>256)</strong></span> <span class='ocrx_word' id='word_1_192' title='bbox 816 2180 881 2216; x_wconf 87' lang='lat'>603</span> <span class='ocrx_word' id='word_1_193' title='bbox 895 2187 957 2206; x_wconf 81' lang='lat' dir='ltr'>exc</span> <span class='ocrx_word' id='word_1_194' title='bbox 976 2176 1126 2213; x_wconf 59' lang='lat' dir='ltr'>&#39;2¹clego)</span> <span class='ocrx_word' id='word_1_195' title='bbox 1141 2176 1206 2205; x_wconf 89' lang='lat' dir='ltr'>inu.</span> <span class='ocrx_word' id='word_1_196' title='bbox 1224 2174 1256 2204; x_wconf 87' lang='lat' dir='ltr'><em>A</em></span> <span class='ocrx_word' id='word_1_197' title='bbox 1341 2175 1405 2212; x_wconf 87' lang='lat'>604</span> <span class='ocrx_word' id='word_1_198' title='bbox 1420 2174 1562 2204; x_wconf 88' lang='lat' dir='ltr'>obserua</span> 
     </span>
     <span class='ocr_line' id='line_1_33' title="bbox 229 2217 1561 2255; baseline -0.004 -3"><span class='ocrx_word' id='word_1_199' title='bbox 229 2223 261 2252; x_wconf 84' lang='lat' dir='ltr'><em>A</em></span> <span class='ocrx_word' id='word_1_200' title='bbox 352 2223 439 2254; x_wconf 88' lang='lat' dir='ltr'>circa</span> <span class='ocrx_word' id='word_1_201' title='bbox 456 2222 489 2253; x_wconf 81' lang='lat' dir='ltr'><em>P</em></span> <span class='ocrx_word' id='word_1_202' title='bbox 501 2227 537 2253; x_wconf 83' lang='lat' dir='ltr'>ut</span> <span class='ocrx_word' id='word_1_203' title='bbox 553 2223 617 2255; x_wconf 73' lang='lat' dir='ltr'>vid.</span> <span class='ocrx_word' id='word_1_204' title='bbox 710 2222 802 2253; x_wconf 84' lang='lat' dir='ltr'>solus</span> <span class='ocrx_word' id='word_1_205' title='bbox 821 2222 851 2251; x_wconf 77' lang='lat' dir='ltr'><em>A</em></span> <span class='ocrx_word' id='word_1_206' title='bbox 996 2221 1062 2249; x_wconf 85' lang='lat'>606</span> <span class='ocrx_word' id='word_1_207' title='bbox 1086 2218 1292 2249; x_wconf 86' lang='lat' dir='ltr'>exitiabilem</span> <span class='ocrx_word' id='word_1_208' title='bbox 1310 2227 1374 2255; x_wconf 82' lang='lat' dir='ltr'>ego</span> <span class='ocrx_word' id='word_1_209' title='bbox 1391 2217 1508 2248; x_wconf 82' lang='lat' dir='ltr'>faciam</span> <span class='ocrx_word' id='word_1_210' title='bbox 1527 2222 1561 2248; x_wconf 92' lang='lat' dir='ltr'>ut</span> 
     </span>
     <span class='ocr_line' id='line_1_34' title="bbox 230 2260 1561 2306; baseline -0.005 -9"><span class='ocrx_word' id='word_1_211' title='bbox 230 2266 282 2297; x_wconf 83' lang='lat' dir='ltr'>hic</span> <span class='ocrx_word' id='word_1_212' title='bbox 300 2266 357 2297; x_wconf 81' lang='lat' dir='ltr'>flat</span> <span class='ocrx_word' id='word_1_213' title='bbox 376 2267 448 2297; x_wconf 86' lang='lat' dir='ltr'>dies</span> <span class='ocrx_word' id='word_1_214' title='bbox 466 2267 498 2297; x_wconf 86' lang='lat' dir='ltr'><em>A</em></span> <span class='ocrx_word' id='word_1_215' title='bbox 520 2268 544 2305; x_wconf 66' lang='grc' dir='ltr'>(ἒ</span> <span class='ocrx_word' id='word_1_216' title='bbox 558 2271 620 2306; x_wconf 76' lang='lat' dir='ltr'>pro</span> <span class='ocrx_word' id='word_1_217' title='bbox 638 2270 673 2296; x_wconf 87' lang='lat' dir='ltr'>ut</span> <span class='ocrx_word' id='word_1_218' title='bbox 692 2265 757 2296; x_wconf 88' lang='lat' dir='ltr'>illic</span> <span class='ocrx_word' id='word_1_219' title='bbox 777 2266 844 2296; x_wconf 38' lang='lat' dir='ltr'>hic*</span> <span class='ocrx_word' id='word_1_220' title='bbox 979 2263 1042 2301; x_wconf 89' lang='lat'>607</span> <span class='ocrx_word' id='word_1_221' title='bbox 1069 2262 1148 2301; x_wconf 89' lang='lat' dir='ltr'>quid</span> <span class='ocrx_word' id='word_1_222' title='bbox 1166 2271 1218 2292; x_wconf 89' lang='lat' dir='ltr'>me</span> <span class='ocrx_word' id='word_1_223' title='bbox 1235 2260 1269 2292; x_wconf 83' lang='lat' dir='ltr'><em>P</em></span> <span class='ocrx_word' id='word_1_224' title='bbox 1283 2261 1353 2300; x_wconf 85' lang='lat' dir='ltr'>(qui</span> <span class='ocrx_word' id='word_1_225' title='bbox 1371 2261 1413 2291; x_wconf 89' lang='lat' dir='ltr'>de</span> <span class='ocrx_word' id='word_1_226' title='bbox 1430 2270 1483 2290; x_wconf 87' lang='lat' dir='ltr'>me</span> <span class='ocrx_word' id='word_1_227' title='bbox 1500 2260 1561 2300; x_wconf 75' lang='lat'>13²¹)</span> 
     </span>
     <span class='ocr_line' id='line_1_35' title="bbox 230 2304 1562 2350; baseline -0.005 -10"><span class='ocrx_word' id='word_1_228' title='bbox 230 2310 314 2350; x_wconf 84' lang='lat' dir='ltr'>non]</span> <span class='ocrx_word' id='word_1_229' title='bbox 343 2320 364 2340; x_wconf 89' lang='lat' dir='ltr'>n</span> <span class='ocrx_word' id='word_1_230' title='bbox 391 2310 422 2340; x_wconf 88' lang='lat' dir='ltr'><em>A</em></span> <span class='ocrx_word' id='word_1_231' title='bbox 579 2310 644 2340; x_wconf 85' lang='lat'>608</span> <span class='ocrx_word' id='word_1_232' title='bbox 667 2319 765 2349; x_wconf 86' lang='lat' dir='ltr'>quam</span> <span class='ocrx_word' id='word_1_233' title='bbox 793 2309 859 2338; x_wconf 88' lang='lat' dir='ltr'>emi</span> <span class='ocrx_word' id='word_1_234' title='bbox 879 2317 920 2337; x_wconf 88' lang='lat' dir='ltr'>cx</span> <span class='ocrx_word' id='word_1_235' title='bbox 945 2306 1073 2346; x_wconf 78' lang='lat' dir='ltr'>praeda</span> <span class='ocrx_word' id='word_1_236' title='bbox 1100 2304 1216 2335; x_wconf 78' lang='lat' dir='ltr'>Goetz:</span> <span class='ocrx_word' id='word_1_237' title='bbox 1247 2313 1334 2344; x_wconf 79' lang='lat' dir='ltr'>quae</span> <span class='ocrx_word' id='word_1_238' title='bbox 1359 2315 1377 2335; x_wconf 92' lang='lat' dir='ltr'>e</span> <span class='ocrx_word' id='word_1_239' title='bbox 1403 2307 1562 2342; x_wconf 76' lang='lat' dir='ltr'>(sequente</span> 
     </span>
     <span class='ocr_line' id='line_1_36' title="bbox 228 2345 1560 2393; baseline -0.005 -10"><span class='ocrx_word' id='word_1_240' title='bbox 228 2354 332 2393; x_wconf 67' lang='lat' dir='ltr'>spatio</span> <span class='ocrx_word' id='word_1_241' title='bbox 366 2353 492 2393; x_wconf 79' lang='lat' dir='ltr'>praeda</span> <span class='ocrx_word' id='word_1_242' title='bbox 513 2357 550 2383; x_wconf 75' lang='lat' dir='ltr'>ut</span> <span class='ocrx_word' id='word_1_243' title='bbox 565 2352 626 2384; x_wconf 76' lang='lat' dir='ltr'>vid.</span> <span class='ocrx_word' id='word_1_244' title='bbox 647 2352 680 2382; x_wconf 85' lang='lat' dir='ltr'>P</span> <span class='ocrx_word' id='word_1_245' title='bbox 694 2354 795 2392; x_wconf 82' lang='lat' dir='ltr'>(quae</span> <span class='ocrx_word' id='word_1_246' title='bbox 812 2357 864 2382; x_wconf 81' lang='lat' dir='ltr'>est</span> <span class='ocrx_word' id='word_1_247' title='bbox 882 2361 930 2390; x_wconf 85' lang='lat' dir='ltr'>pr.</span> <span class='ocrx_word' id='word_1_248' title='bbox 958 2348 1019 2390; x_wconf 77' lang='lat'>8³)</span> <span class='ocrx_word' id='word_1_249' title='bbox 1038 2348 1085 2378; x_wconf 68' lang='lat' dir='ltr'>‘A</span> <span class='ocrx_word' id='word_1_250' title='bbox 1105 2359 1138 2380; x_wconf 83' lang='lat' dir='ltr'>n.</span> <span class='ocrx_word' id='word_1_251' title='bbox 1166 2348 1202 2382; x_wconf 73' lang='grc' dir='ltr'>Ι.)</span> <span class='ocrx_word' id='word_1_252' title='bbox 1343 2349 1409 2387; x_wconf 83' lang='grc'>609</span> <span class='ocrx_word' id='word_1_253' title='bbox 1431 2345 1560 2378; x_wconf 78' lang='lat' dir='ltr'>velillic</span> 
     </span>
    </p>
   </div>
   <div class='ocr_carea' id='block_1_13' title="bbox 229 2395 901 2437">
    <p class='ocr_par' dir='ltr' id='par_1_14' title="bbox 229 2395 901 2437">
     <span class='ocr_line' id='line_1_37' title="bbox 229 2395 901 2437; baseline -0.007 -7"><span class='ocrx_word' id='word_1_254' title='bbox 229 2399 292 2430; x_wconf 79' lang='lat'>612</span> <span class='ocrx_word' id='word_1_255' title='bbox 317 2398 433 2429; x_wconf 77' lang='lat' dir='ltr'>aderat</span> <span class='ocrx_word' id='word_1_256' title='bbox 452 2397 495 2427; x_wconf 84' lang='lat' dir='ltr'>ibi</span> <span class='ocrx_word' id='word_1_257' title='bbox 511 2395 540 2426; x_wconf 83' lang='grc' dir='ltr'><em>Ρ</em></span> <span class='ocrx_word' id='word_1_258' title='bbox 669 2398 728 2434; x_wconf 73' lang='lat'>6¹4</span> <span class='ocrx_word' id='word_1_259' title='bbox 755 2396 854 2437; x_wconf 75' lang='lat' dir='ltr'>agitis</span> <span class='ocrx_word' id='word_1_260' title='bbox 870 2395 901 2425; x_wconf 79' lang='grc' dir='ltr'><em>Λ</em></span> 
     </span>
    </p>
   </div>
  </div>
 </body>
</html>
