1727 2712
665 90 954 129 CVRCVLIO
1400 91 1464 128 IV.
1491 89 1505 129 '1

144 201 184 239 in
206 202 337 241 medio
359 210 516 252 propter
536 204 724 249 canalem,
749 201 802 240 ibi
823 208 1082 239 ostentatores
1104 200 1200 239 meri
1218 215 1227 249 3
1497 215 1535 246 15

144 268 390 305 confidentes
410 267 630 318 garrulique
651 274 688 306 et
710 265 883 304 maliuoli
906 279 1021 315 supra
1042 267 1185 314 lacum,

143 331 211 381 qui
232 331 340 370 alteri
361 333 411 371 de
433 332 555 371 nihilo
575 333 762 370 audacter
781 330 920 369 dicunt
940 330 1221 368 contumeliam

144 404 183 435 et
203 396 270 447 qui
290 397 363 446 ipsi
384 405 443 435 sat
464 397 611 436 habent
631 398 740 447 quod
761 395 800 434 in
822 409 863 434 se
883 395 1006 446 possit
1027 409 1119 434 uere
1139 395 1273 434 dicier.

58 468 127 510 480
145 462 218 500 sub
240 462 449 509 ueteribus,
472 462 526 501 ibi
547 470 637 501 sunt
657 461 725 513 qui
745 463 842 500 dant
863 461 1010 511 quique
1030 460 1230 511 accipiunt
1251 462 1419 500 faenore.

144 541 248 577 pone
267 529 407 565 aedem
429 527 616 576 Castoris,
637 527 691 566 ibi
711 534 802 565 sunt
822 526 955 564 subito
975 526 1110 576 quibu'
1131 527 1267 565 credas
1288 528 1400 565 male.
1499 540 1539 561 20

145 591 184 629 in
204 594 339 631 Tusco
359 593 459 640 uico,
483 593 538 632 ibi
558 600 649 632 sunt
669 592 851 631 homines
872 591 940 642 qui
961 591 1035 642 ipsi
1055 605 1140 630 sese
1161 591 1378 630 uenditant.

144 655 183 694 in
205 658 376 696 Velabro
396 660 459 696 uel
480 658 666 708 pistorem
687 659 751 696 uel
771 656 920 695 lanium
941 658 1005 694 uel
1026 656 1273 706 haruspicem

145 722 208 759 uel
229 721 296 771 qui
316 721 391 772 ipsi
411 731 568 760 uortant
587 724 651 761 uel
671 721 739 773 qui
759 721 844 760 aliis
864 721 933 760 ubi
953 729 1161 760 uorsentur
1181 722 1406 771 praebeant.

58 785 123 827 485
146 783 273 837 [dites‚
297 787 511 826 damnosos
533 787 691 826 maritos
711 787 819 836 apud
840 786 1082 825 Leucadiam
1110 785 1114 838 Ι
1141 783 1343 839 Oppiam]

145 852 214 889 sed
230 851 385 890 interim
402 853 502 890 fores
519 866 704 902 crepuere
721 867 727 890 :
755 851 911 901 linguae
928 852 1217 890 moderandum
1239 858 1296 889 est
1312 850 1477 889 rnihi.-—
1499 864 1535 895 25

327 962 620 1001 CVRCVLIO
732 962 1037 1001 CAPPADOX
1150 962 1295 999 Lx’co
1493 962 1523 999 ii

144 1044 215 1082 Cv.
250 1044 268 1081 I
290 1050 331 1081 tu
352 1044 473 1094 prod',
492 1042 624 1093 uirgo:
652 1056 733 1081 non
755 1056 858 1092 queo
879 1043 988 1092 quod
1008 1056 1113 1092 pone
1134 1056 1197 1080 me
1219 1050 1276 1081 est
1297 1057 1462 1081 seruare.

143 1115 180 1146 et
209 1121 346 1146 aurum
377 1115 415 1147 et
445 1115 595 1147 uestem
626 1121 787 1146 omnem
817 1121 928 1146 suam
959 1121 1044 1146 esse
1073 1107 1203 1145 aiebat
1231 1121 1348 1157 quam
1378 1109 1475 1146 haec

1301 1173 1473 1211 haberet.

143 1240 215 1278 CA.
238 1252 356 1277 nemo
378 1238 405 1277 it
426 1238 578 1277 infitias.
631 1240 702 1278 Cv.
725 1246 764 1276 at
781 1246 912 1276 tamen
934 1237 1210 1276 meliusculum
1227 1245 1285 1276 est
1302 1251 1471 1278 monere.

57 1316 126 1351 490
144 1306 214 1343 ΙΝ.
247 1312 448 1343 memento
469 1303 694 1355 promisisse
715 1311 762 1350 te,
787 1303 817 1341 si
838 1302 1049 1353 quisquam
1069 1304 1173 1341 hanc
1194 1303 1340 1342 liberali

142 1383 280 1408 caussa
300 1383 419 1407 manu
440 1370 647 1414 adsereret,
671 1368 767 1406 mihi
788 1382 907 1406 omne
927 1376 1132 1418 argentum
1154 1368 1351 1407 redditum
1373 1369 1452 1416 eiri,
1494 1384 1511 1416 5

143 1435 267 1473 minas
288 1434 453 1485 triginta.
515 1436 586 1474 CA.
620 1433 847 1480 meminero,
871 1435 921 1471 de
942 1433 1041 1471 istoc
1061 1434 1217 1483 quietus
1238 1443 1333 1473 esto.

140 1509 178 1540 et
207 1513 313 1539 nunc
352 1500 458 1539 idem
497 1499 598 1539 dico.
678 1500 750 1539 CV.
784 1502 871 1539 †et†
910 1499 1231 1538 commeminisse
1264 1514 1338 1550 ego
1376 1502 1473 1540 haec

1270 1567 1399 1603 uolani
1423 1574 1471 1604 te.

143 1633 215 1671 CA.
248 1630 421 1678 memini,
444 1638 482 1669 et
507 1629 719 1680 mancupio
746 1629 816 1668 tibi
843 1629 960 1668 dab6.
1021 1631 1093 1669 Cv.
1125 1643 1226 1679 egon
1253 1631 1304 1669 ab
1332 1632 1474 1669 lenone

1260 1695 1473 1746 quicquam

56 1777 121 1813 495
144 1761 355 1812 mancupio
375 1761 577 1812 accipiam,
601 1760 735 1811 quibu’
757 1760 816 1798 sui
837 1760 934 1798 nihil
955 1768 1013 1798 est
1034 1759 1108 1798 nisi
1129 1774 1209 1798 una
1229 1760 1361 1811 lingua

141 1826 209 1876 qui
229 1826 409 1864 abiurant
430 1826 460 1864 si
482 1825 578 1876 quid
599 1825 791 1864 creditum
813 1827 900 1863 est?
929 1824 1079 1863 alienos
1101 1825 1361 1876 mancupatis,
1498 1842 1535 1863 10

138 1891 288 1930 alienos
310 1905 429 1930 manu
449 1890 625 1930 emittitis
645 1890 863 1940 alienisque
883 1890 1096 1941 imperatis,

185 2007 245 2035 477
270 2006 394 2035 supera
408 1995 481 2034 Leo,
500 1999 599 2025 metro
614 1995 790 2027 consulens,
805 1995 1016 2034 quaeforma
1033 1994 1234 2034 mlx-ferenda
1244 1999 1290 2025 cst
1298 1995 1329 2025 si
1341 2000 1385 2026 est
1400 1997 1477 2027 lmec

141 2050 255 2070 scaena
266 2039 426 2069 Plautina
530 2039 594 2077 483
606 2042 682 2079 post
697 2038 786 2068 lzunc
801 2048 931 2068 versum
949 2037 1140 2068 intercidisse
1155 2038 1282 2077 aliquid
1293 2039 1345 2076 tab
1357 2040 1473 2070 inven—

142 2083 292 2122 inct'pzkns
304 2083 329 2122 ζ)
348 2082 475 2113 videmr
558 2083 622 2121 484
648 2086 785 2113 uorsant
804 2081 937 2122 Lipsius
992 2081 1066 2111 aliis
1083 2081 1138 2111 ubi
1153 2087 1334 2113 uorsentur
1352 2083 1476 2124 Ussing

144 2127 195 2166 (ut
211 2125 360 2166 Lipsius)
375 2137 381 2156 τ
407 2126 463 2156 alii
480 2127 724 2158 subuersentur
738 2125 802 2156 cod.
966 2128 1029 2164 485
1056 2125 1110 2164 (cf.
1133 2126 1212 2165 472)
1230 2126 1296 2157 secl.
1319 2126 1473 2157 Camera-

144 2171 211 2200 rius
228 2170 276 2209 (ii.
295 2170 331 2203 65
437 2171 498 2209 487
521 2169 559 2200 Ei
572 2170 636 2201 cod.
654 2170 948 2219 (antz'quasorma)
1003 2179 1106 2208 proae
1120 2170 1223 2210 (apro
1234 2170 1271 2209 d)
1285 2169 1361 2199 PBD
1375 2170 1472 2210 (prae

138 2213 180 2251 J)
269 2214 333 2251 488
353 2224 452 2252 quam
469 2213 686 2244 Taulmmnn:
705 2213 857 2252 cuiquam
871 2212 933 2243 cod.
1027 2223 1086 2252 491
1107 2213 1167 2243 eir-i
1186 2213 1320 2254 Ussmg:
1339 2213 1389 2243 firi
1402 2214 1469 2245 cod.

145 2256 253 2296 (Fpro
268 2257 310 2292 E)
401 2267 465 2296 493
489 2262 522 2288 et
539 2257 676 2295 quidem
689 2266 786 2286 mem.
801 2255 883 2286 Leo:
910 2255 1025 2305 (tibi).
1037 2257 1098 2287 Cv.
1115 2261 1147 2286 et
1165 2267 1281 2287 comm.
1296 2257 1471 2287 Bosschcr:

142 2304 175 2330 et
192 2299 235 2329 ibi
260 2310 360 2338 quom
386 2300 676 2331 mern.Abml1am
826 2309 890 2338 495
915 2301 1076 2338 accipiam
1097 2299 1200 2330 Pius.
1225 2301 1386 2339 occipiam
1405 2301 1470 2333 cod.

141 2344 205 2382 496
227 2344 313 2382 siqui
328 2343 393 2374 cod.
413 2344 601 2385 (siquidJ)
735 2353 796 2382 497
823 2343 975 2373 emittitis
992 2343 1239 2383 Kampmann:
1264 2345 1392 2375 mittitis
1403 2344 1467 2376 cod.
