1727 2702
166 108 211 144 V.
233 107 278 144 iii
651 108 698 145 T.
731 107 912 167 MACCI
944 107 1148 146 PLAVTI

169 249 213 286 iii
327 252 728 288 PuiiioanTp-‘s
841 251 1026 288 Hizcio
1137 251 1470 289 STALAGMVS

235 350 403 386 Pfflmc.
439 349 580 399 Hegio,
603 349 754 387 adsum.
815 348 846 386 si
867 348 963 398 quid
984 362 1047 387 me
1071 348 1140 395 uis,
1164 349 1321 398 impera.
1384 351 1463 387 HE.
1495 349 1560 388 hie

1242 422 1403 464 gnatum
1426 428 1558 453 meum

231 487 300 517 tuo
320 479 417 529 patri
438 479 490 516 ait
512 491 553 516 sc
574 478 801 517 uendidisse
821 492 887 516 sex
909 479 1025 516 minis
1046 479 1084 516 in
1107 479 1233 518 Alide.

232 546 402 582 PH1110c.
435 558 553 593 quani
585 544 651 582 diu
682 543 722 583 id
753 546 899 582 sactum
929 546 1015 582 est?
1073 545 1136 583 ST.
1169 544 1232 583 hic
1262 557 1388 583 annus
1422 543 1557 594 incipit
1577 550 1647 593 980

1293 610 1554 649 uicensumus.

231 676 400 713 Pfflldoc.
434 676 529 713 salsa
567 683 768 714 memorat.
833 676 896 714 ST.
929 683 995 714 aut
1029 688 1102 725 ego
1139 682 1206 714 aut
1243 683 1296 713 tu.
1355 689 1446 714 nam
1485 674 1555 713 tibi

1263 740 1554 790 quadrimulum

190 820 206 850 5
228 808 306 844 tuo’
328 814 435 855 pater
456 805 692 855 peculiarem
714 807 920 856 paruolum
941 819 1063 855 puero
1084 805 1203 844 dedit.

229 872 398 908 Pffllioc.
431 870 527 920 quid
559 878 639 908 erat
670 870 705 909 ei
740 873 917 909 nomen?
954 871 985 909 si
1017 884 1109 909 uera
1139 870 1248 917 dicis,
1283 871 1555 910 memoradum

1447 935 1551 974 mihi.

227 1001 289 1038 ST.
324 1000 538 1050 Paegnium
560 1001 783 1048 uocitatust,
807 1009 895 1051 post
916 1014 989 1039 uos
1009 1000 1206 1039 indidistis
1226 1002 1423 1050 Tyndaro.

228 1067 397 1103 Pmnoc.
431 1079 503 1115 qur
530 1079 602 1116 ego
624 1074 660 1104 te
689 1079 769 1103 non
791 1066 914 1103 noui?
971 1067 1033 1104 ST.
1066 1065 1157 1115 quia
1179 1079 1264 1103 mos
1289 1073 1347 1104 est
1373 1065 1552 1104 obliuisci
1572 1068 1638 1112 985

1327 1131 1555 1169 hominibus

227 1209 356 1245 neque
376 1195 535 1234 nouisse
555 1196 711 1246 quoiius
733 1195 843 1234 nihili
864 1195 912 1234 sit
933 1196 1118 1234 faciunda
1137 1195 1267 1245 gratia.

169 1276 206 1298 10
227 1263 396 1299 PfflLoc.
447 1261 511 1300 dic
551 1262 656 1309 mihi,
699 1262 783 1300 isne
822 1262 908 1300 istic
942 1262 1023 1308 fuit,
1061 1276 1177 1311 quem
1219 1261 1431 1301 uendidisti
1465 1275 1554 1300 meo

1441 1328 1550 1378 patri,

223 1391 289 1441 qui
313 1391 406 1429 mihi
429 1391 634 1441 peculiaris
654 1393 770 1430 datus
791 1393 878 1430 cst?
935 1393 996 1430 ST.
1030 1391 1158 1429 huiius
1181 1391 1291 1430 filius.

226 1458 305 1494 HF„
342 1456 493 1494 uiuitnc
532 1456 563 1494 is
598 1457 748 1494 homo?
816 1460 878 1494 ST.
915 1464 1118 1507 argentum
1150 1456 1296 1507 accepi,
1331 1456 1384 1495 nil
1416 1457 1549 1496 curaui

1362 1530 1546 1561 ceterum.

223 1587 303 1624 Hm.
335 1586 431 1637 quid
453 1594 493 1625 tu
523 1587 608 1625 ais?
666 1588 836 1625 Pfflioc.
869 1586 965 1637 quin
986 1586 1071 1625 istic
1093 1587 1215 1637 ipsust
1236 1588 1444 1636 Tyndarus
1469 1589 1548 1625 tuo'
1567 1597 1637 1632 990

1433 1652 1544 1699 filius,

220 1723 262 1755 ut
281 1717 442 1767 quidem
465 1717 528 1756 hic
548 1725 777 1768 argumenta
797 1716 978 1768 loquitur.
1038 1730 1130 1755 nam
1151 1717 1182 1755 is
1207 1731 1361 1756 mecum
1383 1731 1406 1756 a
1425 1730 1547 1768 puero

1451 1796 1546 1832 puer

162 1863 197 1894 15
220 1847 319 1885 bene
341 1847 562 1897 pudiceque
584 1849 790 1886 educatust
810 1860 936 1898 usque
955 1848 1006 1886 ad
1025 1847 1344 1886 adulescentiam.

221 1914 298 1950 HE.
332 1921 369 1950 et
392 1913 506 1950 miser
527 1926 612 1950 sum
635 1921 672 1950 et
694 1914 924 1959 fortunatus,
948 1912 979 1951 si
999 1912 1106 1964 (uos)
1129 1926 1219 1951 uera
1240 1913 1394 1960 dicitis3

216 1991 265 2016 co
287 1977 401 2015 miser
421 1991 507 2015 sum
529 1977 621 2027 quia
643 1979 743 2015 male
765 1978 816 2015 illi
840 1977 924 2024 feci,
948 1977 977 2016 si
999 1985 1139 2028 gnatus
1161 1986 1298 2016 meust.

217 2044 328 2089 eheu,
348 2044 468 2092 qudm
487 2056 559 2092 cgo
580 2044 666 2092 plus
684 2043 894 2093 minusque
914 2043 987 2082 feci
1009 2057 1127 2094 quam
1148 2043 1249 2094 (me)
1266 2057 1436 2093 aequom
1459 2043 1540 2081 suit.
1561 2049 1627 2086 995

218 2109 327 2158 quod
349 2110 449 2145 male
471 2107 541 2145 seci
563 2108 738 2148 crucior:
769 2110 890 2147 modo
911 2109 940 2146 si
963 2109 1150 2147 infectum
1174 2108 1253 2147 fieri
1275 2108 1420 2159 possiet
1438 2111 1444 2146 !

161 2191 201 2212 πο
219 2175 289 2212 sed
310 2186 447 2211 eccum
470 2173 615 2211 incedit
638 2174 713 2211 huc
735 2182 894 2212 ornatus
916 2175 1021 2212 haud
1043 2188 1088 2212 cx
1109 2173 1188 2212 suis
1209 2173 1427 2211 uirtutibus.

259 2278 324 2316 982
350 2277 489 2316 paruulo
510 2276 716 2307 Lindemann
737 2281 792 2307 ‘es
809 2277 888 2308 cod.'
998 2279 1063 2316 986
1089 2277 1180 2307 nihili
1200 2275 1349 2308 Alrrula:
1375 2277 1456 2307 nihil
1473 2276 1537 2308 cod.

216 2331 281 2360 993
306 2331 365 2350 uos
389 2320 463 2351 add.
494 2320 706 2350 sanxeramus
845 2331 909 2359 995
936 2321 1087 2350 minusue
1115 2320 1296 2351 Gronovius
1386 2331 1438 2350 me
1462 2319 1538 2350 add.

191 2393 200 2402 ,
218 2363 346 2403 Bentley
475 2374 538 2403 997
564 2364 650 2394 haud
666 2374 707 2393 cx
728 2363 876 2394 Muretus
892 2376 898 2394 z
923 2365 1031 2394 audax
1049 2363 1112 2394 cod.
