1727 2702
100 112 206 150 1V.i
611 112 658 150 T.
691 111 872 150 MACCI
905 111 1109 149 PLAVTI

194 235 316 272 quom
333 230 479 271 surgat:
507 234 636 271 neque
650 219 810 272 (quom)
824 221 863 259 in
885 223 1030 259 lectum
1051 221 1257 262 inscendat
1277 235 1525 274 proxumum,

195 301 324 337 neque
345 300 465 338 quom
488 287 704 325 descendat
725 285 828 333 inde,
852 287 920 325 det
941 286 1156 338 quoiquam
1179 301 1339 327 manum
1357 303 1364 326 :

195 353 455 403 spectandum
478 365 527 390 ne
548 351 655 401 quoii
676 353 838 390 anulum
861 353 927 390 det
949 365 1078 402 neque
1099 360 1217 403 roget.

195 419 294 456 talos
316 431 365 456 ne
385 416 615 466 quoiiquam
637 415 789 454 homini
809 417 1022 454 admoueat
1043 416 1116 455 nisi
1138 416 1219 455 tibi.

135 497 173 529 35
194 495 284 520 cum
307 481 432 527 iaciat,
458 483 539 520 ‘te’
560 494 610 519 ne
630 480 736 520 dicat
754 496 760 518 :
791 494 937 519 nomen
959 481 1147 520 nominet.
1547 484 1617 527 780

194 548 309 586 deam
331 547 489 584 inuocet
510 545 585 584 sibi
605 559 724 596 quam
746 545 898 584 lubebit
919 546 1142 596 propitiam,

193 613 313 651 deum
335 613 486 650 nullum
503 625 513 659 3
543 610 573 649 si
595 610 709 661 magi'
730 610 909 661 religiosa
929 611 1054 659 fuerit,

193 676 264 715 tibi
285 677 390 716 dicat
407 692 413 715 :
445 684 486 714 tu
508 689 578 727 pro
598 675 664 714 illa
684 688 770 715 ores
791 683 834 714 ut
854 675 902 713 sit
923 675 1124 726 propitius.

194 755 324 792 neque
345 741 408 779 illa
429 741 495 779 ulli
517 740 669 779 homini
689 748 811 788 nutet,
834 740 966 788 nictet,
988 742 1147 780 adnuat.

134 825 176 857 40
194 807 326 858 postid
347 809 506 845 lucerna
526 806 557 844 si
578 806 769 845 exstincta
789 814 858 854 est,
882 820 931 844 ne
952 806 1047 856 quid
1068 806 1128 844 sui
1547 808 1612 854 785

196 872 361 911 membri
383 879 635 910 commoueat
656 871 868 921 quicquam
891 871 930 909 in
951 871 1146 910 tenebris.’
1206 873 1271 910 D1.
1303 878 1513 922 optumest.

194 938 246 976 ita
266 937 414 976 scilicet
435 938 634 975 facturam.
695 950 832 975 uerum
853 936 893 974 in
914 936 1154 975 cubiculo—

193 1004 310 1042 deme
331 1001 674 1052 istuc—equidem
696 1001 801 1040 illam
824 1001 974 1040 moueri
994 1001 1130 1052 gestio.

196 1069 289 1106 nolo
311 1067 415 1106 illam
437 1068 582 1106 habere
602 1080 781 1105 caussam
803 1073 841 1104 et
862 1066 1027 1105 uotitam
1048 1066 1189 1106 dicere.

135 1151 175 1182 45
198 1135 266 1171 PA.
299 1132 390 1179 scio,
409 1132 612 1183 captiones
630 1131 781 1170 metuis.
843 1133 907 1169 D1.
941 1145 1089 1170 uerum.
1151 1134 1219 1170 ΡΑ.
1251 1144 1344 1181 ergo
1360 1139 1402 1170 ut
1418 1132 1529 1170 iubes
1550 1138 1619 1174 79Ο

196 1199 341 1236 tollam.
395 1199 459 1235 D1.
483 1197 579 1247 quid
596 1196 666 1234 ni?
714 1198 781 1234 ΡΑ.
804 1196 897 1234 audi
911 1196 1065 1234 relicua.
1118 1198 1183 1234 D1.
1207 1197 1380 1246 loquere,
1396 1196 1526 1235 audio.

196 1265 263 1301 PA.
299 1267 451 1313 ‘neque
472 1263 595 1300 ullum
618 1262 782 1300 uerbum
805 1261 919 1300 faciat
941 1261 1216 1312 pcrplexabile,

193 1342 323 1378 neque
344 1329 422 1366 ulla
442 1327 573 1378 lingua
594 1327 689 1365 sciat
711 1326 818 1376 loqui
840 1326 911 1364 nisi
934 1326 1075 1365 Attica.

194 1394 279 1431 fort'
301 1393 331 1431 si
353 1391 491 1430 tussire
512 1391 700 1442 occepsit,
721 1405 770 1430 ne
791 1391 846 1430 sic
867 1391 1004 1430 tussiat

133 1475 176 1507 50
195 1466 237 1496 ut
257 1458 473 1508 quoiquam
496 1457 668 1507 linguam
690 1457 728 1495 in
750 1457 954 1496 tussiendo
975 1464 1161 1508 proserat.
1548 1463 1613 1500 795

194 1525 302 1574 quod
324 1523 387 1562 illa
407 1526 539 1561 autem
561 1522 717 1560 simulet
737 1522 848 1572 quasi
869 1523 1042 1572 grauedo
1063 1523 1242 1572 profluat,

194 1590 270 1627 hoc
291 1603 340 1628 ne
361 1588 416 1627 sic
438 1588 551 1626 faciat
569 1603 576 1626 z
606 1595 648 1626 tu
664 1588 850 1626 labellum
871 1595 1094 1638 apstergeas

194 1654 323 1705 potius
344 1667 462 1704 quam
483 1653 699 1704 quoiquam
721 1652 874 1691 sauium
897 1652 1012 1691 faciat
1033 1654 1173 1703 palam.

196 1733 268 1758 nec
290 1727 412 1757 mater
432 1720 521 1757 lena
540 1719 590 1757 ad
612 1718 749 1756 uinum
770 1719 933 1756 accedat
954 1717 1121 1764 interim,

135 1803 173 1835 55
196 1798 269 1823 nec
291 1784 356 1822 ulli
378 1784 500 1822 uerbo
522 1785 622 1822 male
643 1783 758 1821 dicat.
818 1783 848 1821 si
869 1782 1019 1830 dixerit,
1547 1785 1616 1820 800

196 1852 292 1888 haec
315 1850 436 1887 multa
457 1848 491 1887 ei
513 1856 607 1896 esto,
631 1848 726 1886 uino
746 1848 883 1898 uiginti
905 1848 988 1887 dies

195 1923 234 1953 ut
256 1916 408 1953 carcat)
468 1916 532 1952 D1.
565 1915 727 1964 pulchre
748 1913 910 1964 scripsti.
971 1914 1111 1952 scitum
1134 1915 1417 1964 syngraphum!

195 1982 262 2018 ΡΑ.
297 1983 401 2017 ‘tum
424 1979 453 2017 si
475 1992 652 2025 coronas,
676 1986 788 2025 serta,
811 1987 1011 2029 unguenta
1032 1978 1184 2017 iusserit

192 2045 374 2083 ancillam
398 2045 493 2083 serre
513 2043 656 2081 Veneri
684 2043 688 2094 Ι
714 2051 780 2081 aut
802 2043 1002 2093 Cupidini,

238 2150 300 2187 776
323 2157 422 2187 quom
441 2145 516 2177 add.
536 2144 672 2176 Mueller
761 2155 821 2184 777
847 2145 896 2176 vel
911 2146 978 2177 ind*
997 2147 1027 2176 d.
1047 2146 1239 2186 quoiiqnam
1332 2147 1394 2184 780
1419 2147 1524 2178 iaceat

193 2191 257 2222 cod.
407 2191 469 2230 785
493 2191 519 2220 si
539 2190 602 2220 luc.
621 2188 689 2219 cod.
709 2189 780 2229 (sed
803 2189 868 2220 luc.
888 2190 944 2219 vix
957 2189 1154 2229 serendum)
1259 2195 1335 2228 post
1354 2190 1412 2229 <ita
1431 2190 1478 2230 Β)
1496 2191 1522 2220 si

195 2236 217 2266 1.
235 2246 262 2265 e.
280 2236 323 2265 sit
349 2234 486 2272 Merula,
512 2233 633 2263 Thulin
659 2232 696 2262 de
721 2233 915 2262 conium-tivo
941 2243 970 2272 p.
991 2243 1032 2272 97
1122 2232 1186 2263 erit
1207 2232 1331 2272 Ussing
1462 2234 1524 2273 789

196 2279 282 2308 illam
302 2279 427 2308 habere
444 2277 530 2307 codd.
549 2275 707 2315 Nom't'45
726 2287 732 2305 τ
757 2275 882 2306 habere
902 2276 989 2306 illam
1009 2276 1073 2307 cod.
1209 2286 1273 2315 792
1299 2277 1523 2315 perplcxibile

193 2322 279 2352 cod:
306 2321 525 2360 perpcxnbile
546 2319 676 2350 Nonius
702 2328 755 2357 151
905 2330 965 2358 794
991 2320 1057 2350 sors
1078 2320 1156 2350 Rem
1299 2321 1363 2350 802
1387 2321 1521 2359 scripsti

193 2365 296 2396 Pius:
322 2366 458 2404 scriptis
474 2363 538 2394 cod.
560 2364 606 2404 (v,
627 2373 660 2403 p.
675 2364 733 2403 78)
865 2363 928 2402 804
956 2363 1009 2393 uel
1027 2363 1128 2394 Reiz:
1153 2362 1216 2403 <ab
1239 2362 1297 2405 se)
1313 2368 1370 2393 aut
1390 2362 1522 2394 Mueller

194 2408 331 2443 (le'n.
349 2407 437 2439 Mus.
456 2417 508 2446 54,
528 2408 605 2446 383)
