1727 2712
674 115 948 153 ASINARIA
1437 116 1466 153 I.
1488 115 1534 152 iii

141 224 302 276 remigio
322 226 492 275 ueloque
513 233 704 275 quantum
727 224 872 274 poteris
893 224 1033 263 festina
1053 232 1091 263 et
1111 226 1200 275 fuge
1217 239 1224 263 ε

140 304 260 340 quam
289 290 402 340 magi'
432 289 468 328 te
498 289 536 327 in
565 291 686 328 altum
716 289 898 339 capessis,
926 297 1005 327 tam
1030 297 1161 328 aestus
1188 297 1225 328 te
1251 289 1289 328 in
1316 297 1471 340 portum

1347 356 1470 394 refert.

141 422 245 458 ARG.
278 433 351 469 ego
372 421 438 468 pol
460 419 578 457 istum
600 419 828 469 portitorem
850 419 1015 470 priuabo
1037 419 1234 470 portorio;

56 483 123 518 160
142 498 214 534 ego
231 492 269 522 te
284 483 430 522 dehinc
447 491 488 521 ut
506 484 643 522 merita
658 497 699 521 es
721 485 771 522 de
789 497 851 521 me
867 491 905 522 et
926 497 1014 522 mea
1034 498 1073 522 re
1094 492 1258 523 tractare
1274 498 1472 534 exsequar,

141 562 263 599 quom
291 556 332 587 tu
361 549 453 587 med
477 556 519 587 ut
548 548 708 587 meritus
741 562 826 586 sum
859 562 938 587 non
964 556 1105 587 tractas
1125 548 1362 601 <quom>que
1383 549 1476 588 eicis

1339 615 1471 653 domo.

141 681 212 720 CL.
245 679 367 730 magis
389 679 489 718 istuc
511 679 748 730 percipimus
769 679 902 729 lingua
921 679 1000 718 dici
1021 692 1140 729 quarn
1162 679 1272 718 factis
1293 680 1385 717 fore.

142 747 245 783 ARG.
279 747 384 783 solus
406 745 620 783 solitudine
642 758 715 795 ego
735 745 802 783 ted
822 752 941 794 atque
961 745 1012 783 ab
1033 751 1205 794 egestate
1225 744 1366 795 apstuli
1383 759 1392 792 ;

142 811 247 848 solus
269 810 300 848 si
321 812 494 857 ductem‚
518 811 658 849 referre
678 810 840 860 gratiam
862 822 1082 860 numquam
1103 817 1226 860 potes.

59 875 121 919 165
143 876 213 914 CL.
245 876 352 914 solus
373 877 546 922 ductato,
571 875 602 913 si
623 889 778 926 semper
797 876 904 914 solus
925 888 1027 926 quae
1048 888 1210 925 poscam
1231 875 1344 914 dabis
1360 890 1370 923 3

141 953 296 990 semper
315 940 387 978 tibi
408 940 646 990 promissum
669 940 814 978 habeto
836 941 909 978 hac
931 941 1026 990 lege,
1050 940 1146 978 dum
1168 953 1327 990 superes
1348 940 1459 979 datis.

141 1007 245 1044 ARG.
278 1005 346 1056 qui
370 1006 513 1044 modus
535 1005 687 1044 dandi?
721 1019 811 1044 nam
840 1018 1059 1056 numquam
1086 1013 1127 1044 tu
1149 1005 1311 1055 quidem
1332 1006 1477 1057 expleri

981 1106 985 1108 e
1366 1079 1449 1110 otes
1468 1087 1477 1119 ;

144 1136 266 1174 modo
286 1149 408 1186 quom
428 1135 626 1186 accepisti,
651 1137 728 1174 hau
760 1137 885 1174 multo
915 1143 1005 1186 post
1032 1135 1182 1187 aliquid
1204 1137 1312 1186 quod
1337 1084 1477 1187 Iposcas

1352 1215 1475 1251 paras.

143 1268 213 1306 CL.
246 1267 342 1317 quid
372 1266 519 1306 modist
546 1268 760 1314 ductando‚
790 1268 992 1306 amando?
1031 1280 1302 1318 numquamne
1332 1267 1476 1317 expleri

1335 1334 1478 1382 potes?

60 1409 125 1444 170
144 1399 265 1436 modo
286 1396 477 1444 remisisti,
502 1396 693 1435 continuo
714 1397 790 1435 iam
813 1405 854 1435 ut
877 1397 1071 1436 remittam
1092 1398 1144 1436 ad
1165 1405 1202 1436 te
1223 1411 1345 1448 rogas.

142 1466 247 1501 ARG.
280 1464 373 1502 dedi
403 1464 590 1513 equidem
622 1465 730 1513 quod
762 1476 918 1501 mecum
949 1462 1071 1513 egisti.
1132 1464 1202 1502 CL.
1236 1471 1274 1501 et
1304 1463 1372 1501 tibi
1404 1476 1477 1513 ego

1140 1527 1225 1565 misi
1249 1528 1451 1566 mulierem
1469 1543 1476 1567 :

143 1606 211 1643 par
231 1593 310 1643 pari
333 1595 469 1632 datum
492 1594 826 1639 hostimentumst,
850 1606 968 1643 opera
989 1606 1059 1643 pro
1080 1593 1257 1644 pecunia.

143 1660 247 1696 ARG.
281 1660 382 1696 male
415 1659 496 1708 agis
536 1672 703 1697 meeum.
765 1659 835 1697 CL.
869 1658 964 1708 quid
1000 1672 1063 1697 me
1097 1671 1268 1704 accusaS,
1307 1658 1336 1696 si
1377 1658 1477 1696 facio

1121 1723 1292 1761 officium
1316 1725 1478 1761 meum?

144 1802 235 1827 nam
256 1803 385 1840 neque
407 1791 542 1829 fictum
571 1798 776 1841 usquamst
806 1803 937 1840 neque
962 1789 1111 1840 pictum
1140 1802 1270 1839 neque
1291 1788 1478 1838 scriptum

1225 1854 1263 1891 in
1286 1853 1478 1903 poematis

61 1931 123 1967 175
144 1920 211 1958 ubi
239 1922 327 1959 lena
354 1922 457 1960 bene
486 1929 574 1972 agat
599 1935 689 1959 cum
718 1921 907 1971 quiquam
939 1927 1097 1958 amante
1129 1932 1231 1969 quae
1262 1918 1359 1968 frugi
1393 1932 1478 1957 esse

1381 1985 1473 2022 uolt.

144 2052 248 2089 ARG.
282 2051 377 2089 mihi
412 2052 573 2101 quidem
614 2059 652 2090 te
687 2064 844 2101 parcere
879 2057 1087 2100 aequomst
1121 2051 1293 2095 tandem,
1331 2057 1372 2087 ut
1407 2049 1477 2087 tibi

1235 2116 1373 2153 durem
1395 2114 1474 2153 diu.

190 2221 251 2260 158
274 2231 342 2260 quo
356 2221 463 2259 magis
481 2220 561 2258 (om.
583 2220 667 2251 tam}
686 2218 773 2250 codd.
795 2219 899 2249 Nom'r'
913 2229 985 2257 247,
1001 2219 1075 2248 266.
1087 2218 1146 2256 381
1224 2218 1280 2246 161
1307 2227 1478 2256 quomque

145 2263 283 2295 Skulsch
300 2276 306 2295 :
329 2274 416 2303 quae
434 2263 500 2302 (vel
520 2265 601 2302 que)
621 2262 708 2293 coca:
743 2269 844 2301 atque
862 2262 1060 2292 Lachmann
1078 2274 1084 2291 ε
1108 2270 1195 2301 quae
1224 2271 1276 2290 me
1305 2260 1477 2290 Fleckeisen

148 2310 206 2346 167
221 2308 356 2338 modust
380 2307 440 2337 alii
573 2307 633 2336 168
656 2316 757 2345 quom
775 2306 932 2345 Pylades:
958 2306 1048 2344 quod
1067 2304 1132 2335 cod.
1292 2314 1349 2343 172
1375 2305 1476 2334 hesti-

146 2356 297 2381 mentum
315 2351 428 2381 datum
446 2355 497 2381 est
514 2349 600 2381 codd.
618 2349 720 2380 Nonii
733 2360 752 2388 3
769 2354 796 2380 et
812 2351 894 2389 (om.
912 2351 981 2388 est)
999 2358 1064 2387 529
1200 2356 1257 2386 174
1284 2357 1347 2377 nec
1364 2347 1475 2377 fictum

145 2398 333 2434 umquamst
358 2405 467 2433 neque
481 2394 574 2433 (nec)
594 2394 720 2432 pictum
738 2393 896 2434 (dictum)
913 2391 1001 2422 codd.
1020 2391 1124 2422 Nonii
1135 2400 1198 2430 493
1215 2395 1243 2420 et
1255 2401 1319 2429 309
1336 2403 1341 2420 :
1366 2401 1475 2432 neque

148 2448 285 2477 usquam
307 2438 433 2478 pictum
451 2436 516 2468 cod.
535 2437 594 2477 (iii,
618 2440 649 2477 1)

1494 248 1511 278 5

1497 696 1536 719 10

1500 1022 1535 1054 15

1500 1609 1540 1630 20
