1727 2702
151 130 205 168 ΙΙ.
226 130 271 167 iii
643 131 690 168 T.
723 129 903 168 MACCI
936 129 1139 167 PLAVTI

282 258 387 283 nunc
408 245 460 283 ita
479 243 667 282 conuenit
688 243 787 283 inter
809 257 871 283 me
889 251 1008 293 atque
1027 243 1144 290 hunc,
1167 243 1362 292 Tyndare,

282 318 324 348 ut
345 318 382 348 te
401 317 663 348 aestumatum
685 309 724 348 in
746 309 904 347 Alidem
925 308 1078 346 mittam
1097 309 1149 346 ad
1169 315 1329 358 patrem,

169 391 210 413 πο
282 374 314 413 si
335 388 414 413 non
436 374 578 413 rebitas
599 375 688 422 huc,
710 382 753 412 ut
773 373 910 424 uiginti
932 373 1058 412 minas
1579 377 1648 424 380

281 442 372 479 dem
394 454 464 491 pro
485 447 532 479 te.
594 441 766 478 PfflLoc.
799 447 903 478 recte
923 438 1158 478 conuenisse
1178 438 1315 478 sentio.

281 520 372 544 nam
394 513 502 556 pater
521 513 719 556 exspectat
739 512 806 544 aut
823 519 886 544 me
906 512 973 544 aut
991 504 1163 554 aliquem
1185 503 1367 542 nuntium

281 570 347 621 qui
370 570 461 609 hinc
481 572 531 609 ad
554 584 595 609 se
616 570 760 610 ueniat.
820 572 893 608 ΤΥ.
925 583 1018 620 ergo
1037 569 1213 608 animum
1234 570 1418 608 aduortas
1438 570 1532 608 uolo

280 649 381 686 quae
402 636 581 674 nuntiare
601 635 694 674 hinc
714 644 752 674 te
771 637 866 674 uolo
886 635 924 674 in
946 635 1109 685 patriam
1129 635 1180 673 ad
1200 642 1362 685 patrem.

170 716 208 748 25
229 704 399 739 PfflLoc.
434 700 687 748 Philocrates,
708 709 750 739 ut
770 701 903 739 adhuc
923 701 1099 738 locorum
1121 699 1207 746 feci,
1229 699 1368 737 faciam
1389 700 1528 738 sedulo
1580 703 1645 749 385

228 773 269 804 ut
290 765 552 816 potissumum
574 766 683 815 quod
704 765 742 803 in
764 779 846 804 rem
868 773 972 803 recte
992 765 1190 803 conducat
1210 771 1328 810 tuam,

228 830 268 869 id
289 837 419 881 petam
448 830 451 880 Ι
477 830 517 868 id
538 843 828 880 persequarque
848 831 967 869 corde
987 837 1026 868 et
1046 828 1180 867 animo
1200 836 1319 878 atque
1338 828 1508 867 auribus.

228 897 301 934 Τγ.
334 894 428 934 sacis
455 894 508 933 ita
534 902 576 933 ut
600 902 638 933 te
665 896 790 933 facere
812 902 976 945 oportet.
1036 907 1141 932 nunc
1170 893 1346 932 animum
1375 894 1560 932 aduortas

1442 959 1559 997 uolo:

229 1026 406 1066 omnium
428 1025 597 1077 primum
619 1027 784 1064 salutem
805 1024 928 1064 dicito
948 1024 1061 1063 matri
1082 1031 1119 1063 et
1139 1022 1238 1074 patri

171 1110 210 1141 30
229 1101 267 1131 et
288 1091 463 1142 cognatis
484 1099 522 1130 et
543 1091 573 1129 si
595 1103 713 1140 quem
733 1090 854 1129 alium
875 1091 1180 1129 beneuolentem
1201 1088 1347 1128 uideris
1363 1103 1373 1138 3
1580 1103 1650 1139 390

230 1171 292 1196 me
314 1157 376 1195 hic
398 1158 526 1194 ualere
547 1163 584 1194 et
606 1155 832 1194 seruitutem
855 1155 998 1193 seruire
1019 1154 1110 1192 huic
1131 1154 1281 1193 homini
1302 1162 1481 1204 optumo,

228 1222 294 1272 qui
317 1235 379 1260 me
401 1222 550 1260 honore
571 1219 836 1258 honestiorem
859 1233 1014 1270 semper
1034 1219 1124 1258 fecit
1146 1227 1183 1258 et
1205 1218 1307 1257 facit.

230 1289 399 1325 PH1Loc.
433 1285 531 1324 istuc
552 1298 601 1323 ne
622 1284 847 1335 praecipias,
871 1284 983 1323 facile
1005 1283 1193 1322 memoria
1214 1283 1375 1322 memini
1396 1290 1540 1321 tamen.

228 1353 300 1389 Tv.
333 1363 424 1389 nam
445 1349 642 1400 equidem,
666 1349 739 1387 nisi
767 1351 875 1399 quod
902 1350 1107 1388 custodem
1138 1349 1277 1394 habeo,
1301 1347 1467 1386 liberum
1497 1360 1560 1385 me

1279 1427 1365 1452 esse
1383 1413 1557 1452 arbitror.

171 1498 209 1531 35
229 1482 350 1521 dicito
371 1481 467 1533 patri
489 1494 569 1532 quo
590 1488 707 1532 pacto
728 1480 823 1519 mihi
845 1494 935 1519 cum
957 1481 1033 1518 hoc
1054 1479 1283 1518 conuenerit
1580 1494 1646 1532 395

228 1549 278 1586 de
299 1547 414 1585 huius
445 1546 534 1585 filio.
596 1549 766 1585 Pfflmc.
799 1559 900 1597 quae
930 1545 1103 1592 memini,
1128 1558 1235 1583 mora
1260 1558 1366 1583 mera
1392 1552 1450 1583 est
1477 1557 1560 1583 mo-

1424 1611 1558 1650 nerier.

229 1680 301 1715 Tv.
345 1684 386 1716 ut
420 1690 510 1715 eum
546 1677 711 1716 redimat
745 1684 782 1716 et
814 1677 984 1716 remittat
1023 1684 1199 1715 nostrum
1239 1677 1316 1714 huc
1353 1676 1560 1714 amborum

1419 1740 1559 1779 uicem.

234 1810 402 1846 Pmmc.
436 1807 661 1846 meminero.
726 1809 806 1845 HE.
837 1815 875 1845 at
896 1820 1014 1857 quam
1043 1806 1211 1857 primum
1242 1814 1358 1857 pote:
1391 1806 1489 1844 istuc
1522 1805 1560 1844 in

1054 1885 1134 1910 rem
1157 1871 1345 1921 utriquest
1367 1884 1558 1909 maxume.

234 1940 402 1976 PHILOC.
436 1951 514 1976 non
537 1945 645 1975 tuom
668 1945 708 1975 tu
738 1937 849 1986 magi’
870 1937 1004 1975 uidere
1025 1950 1142 1986 quam
1170 1937 1232 1974 ille
1260 1950 1372 1974 suom
1399 1943 1560 1986 gnatum

1439 2001 1558 2051 cupit.

276 2108 341 2145 380
366 2107 442 2137 huic
465 2106 594 2136 Lonum
727 2106 788 2144 387
817 2106 846 2136 id
867 2111 977 2145 petam
1004 2105 1102 2144 idque
1128 2114 1312 2144 persequar
1323 2103 1558 2135 Camerarsns:

222 2151 304 2190 sort.
335 2151 365 2180 id
393 2156 572 2189 petamque
599 2159 849 2189 perse-qumque
877 2150 946 2183 mii.
977 2149 1008 2188 1)
1101 2148 1265 2186 uiribus]
1395 2159 1457 2187 392
1482 2148 1558 2179 fecit

233 2200 266 2225 et
292 2204 427 2233 semper·
459 2193 675 2223 ll'ilamowitz
818 2203 880 2231 394
907 2193 1061 2233 equidem
1090 2191 1297 2222 Lambinus:
1331 2193 1465 2231 quidem
1492 2191 1558 2222 cod.

236 2237 307 2271 (scd
322 2247 396 2267 nam
420 2247 470 2276 eq.
493 2237 670 2274 usitatum)
804 2246 867 2275 395
893 2246 966 2266 cnm
993 2236 1056 2266 hoc
1082 2236 1158 2265 mihi
1184 2234 1343 2274 Pylades:
1377 2235 1458 2266 mihi
1483 2245 1558 2265 cum

235 2282 297 2311 hoc
314 2280 447 2322 (minc)
466 2280 605 2310 Mueller
619 2288 623 2304 «¹
637 2280 751 2311 le’n.
773 2279 861 2310 Mus.
879 2289 933 2318 54,
954 2280 1044 2319 385),
1068 2280 1202 2309 vitantes
1221 2278 1350 2309 hiatum
1373 2288 1448 2309 cum
1470 2281 1473 2319 Ι
1495 2279 1559 2309 hoc

235 2326 297 2363 398
324 2329 400 2363 pute
418 2324 579 2364 Spengel:
606 2324 732 2363 poteris
749 2323 815 2354 cod.
836 2324 871 2354 ri,
893 2328 926 2362 7)
1031 2333 1096 2362 399
1119 2322 1168 2353 ve!
1183 2332 1278 2362 mage
