1727 2712
680 74 1004 112 BACCHIDES
1433 74 1502 111 IV.

90 191 153 231 575
176 197 282 222 nunc
302 197 366 222 me
386 183 440 222 ire
460 183 571 223 iussit
590 185 642 224 ad
661 197 749 223 eam
770 191 808 223 et
828 183 1092 235 percontarier

175 257 304 288 utrum
324 263 461 287 aurum
484 251 622 288 reddat
642 263 745 288 anne
765 257 828 288 eat
848 262 983 288 secum
1005 251 1140 288 semul.

174 322 214 354 tu
235 315 399 361 dudum,
422 328 553 365 puere,
576 328 667 353 cum
688 314 776 353 illac
796 328 922 365 usque
943 314 1005 352 isti
1026 316 1151 353 semul
1172 330 1178 353 :

172 393 274 429 quae
294 380 432 417 harum
453 388 544 418 sunt
564 381 694 427 aedes,
716 381 835 430 pulta.
894 379 959 418 adi
980 387 1157 418 actutum
1178 380 1229 419 ad
1250 381 1363 419 fores.

172 446 312 483 recede
332 445 424 484 hinc
445 446 626 485 dierecte.
686 453 728 484 ut
749 448 877 497 pulsat
898 445 1137 496 propudium
1156 448 1162 484 Ξ

86 511 153 556 580
171 523 348 549 comesse
369 524 512 560 panem
534 511 599 550 tris
620 512 741 562 pedes
762 513 884 549 latum
905 518 1029 561 potes,

169 577 271 614 fores
291 577 442 626 pultare
462 576 600 614 nescis.
661 576 796 626 ecquis
816 575 855 613 in
876 575 1091 614 aedibust?

169 641 277 688 heus,
301 640 435 691 ecquis
457 641 520 680 hic
541 643 628 680 est?
657 641 792 691 ecquis
813 642 889 679 hoc
909 640 1033 691 aperit
1053 641 1196 680 ostium
1214 642 1231 680 ?

169 706 304 756 ecquis
324 706 430 745 exit?

421 818 812 855 PISTOCLERVS
925 818 1244 855 PARAslTvs

439 901 495 937 P1.
530 898 639 947 Quid
660 898 789 937 istuc?
818 901 919 948 quae
941 898 1061 936 istaec
1083 906 1141 936 est
1163 897 1366 948 pulsatio?

167 978 269 1015 quae
290 973 327 1003 te
347 963 485 1016 (male)
505 965 607 1002 mala
628 978 720 1002 crux
740 963 871 1013 agitat,
894 965 962 1014 qui
982 965 1033 1002 ad
1055 963 1183 1002 istunc
1206 964 1372 1002 modum

81 1036 146 1081 585
167 1030 296 1069 alieno
317 1029 409 1068 uiris
430 1038 514 1068 tuas
536 1036 711 1067 extentes
733 1028 864 1067 ostio?

167 1097 268 1134 fores
288 1109 414 1146 paene
434 1094 637 1145 ecfregisti.
697 1094 794 1144 quid
815 1108 921 1133 nunc
942 1094 1001 1132 uis
1023 1093 1123 1132 tibi?

167 1163 234 1198 ΡΑ.
266 1162 510 1206 adulescens,
534 1161 652 1198 salue.
714 1162 772 1197 ΡΙ.
805 1161 923 1198 salue.
983 1161 1053 1199 sed
1074 1173 1193 1209 quem
1215 1158 1440 1209 quaeritas?
1477 1192 1482 1195 .

166 1228 235 1264 PA.
269 1227 520 1265 Bacchidem.
596 1228 652 1263 ΡΙ.
687 1233 812 1264 utram
834 1224 955 1276 e'rgo?
1027 1227 1096 1263 PA.
1128 1224 1182 1263 nil
1204 1224 1287 1263 scio
1307 1223 1381 1262 nisi
1404 1226 1499 1262 Bac-

1325 1288 1494 1328 chidem.

164 1356 299 1406 paucis
317 1372 323 1395 :
354 1370 417 1395 me
439 1356 543 1395 misit
565 1356 675 1394 miles
695 1357 748 1394 ad
770 1369 857 1394 eam
879 1356 1156 1402 Cleomachus,

80 1433 147 1469 590
165 1423 227 1460 uel
249 1429 290 1460 ut
311 1422 504 1460 ducentos
527 1421 730 1471 Philippos
752 1421 891 1459 reddat
911 1434 1050 1458 aureos

163 1488 225 1526 uel
246 1495 288 1526 ut
308 1487 401 1526 hinc
421 1487 460 1525 in
483 1486 652 1525 Elatiam
676 1485 796 1524 hodie
816 1493 878 1523 eat
899 1499 1032 1523 secum
1054 1486 1190 1523 semul.

163 1554 220 1591 P1.
252 1567 333 1592 non
354 1553 392 1591 it.
453 1557 624 1603 †negato
646 1555 760 1592 esse†
783 1550 934 1588 ituram.
995 1549 1059 1588 abi
1081 1557 1120 1588 et
1139 1549 1329 1588 renuntia.

160 1619 279 1657 alium
301 1620 365 1658 illa
385 1627 501 1667 amat,
524 1634 605 1659 non
626 1619 747 1658 illurn.
809 1618 888 1656 duc
910 1624 948 1654 te
968 1616 1019 1654 ab
1039 1615 1215 1654 aedibus.

163 1687 230 1723 PA.
263 1685 379 1724 nimis
401 1685 598 1724 iracunde.
661 1687 717 1723 P1.
750 1691 789 1722 at
811 1682 893 1721 sein
917 1695 1036 1732 quarn
1058 1680 1270 1719 iracundus
1291 1679 1419 1718 siem?

73 1763 137 1799 595
161 1764 210 1789 ne
232 1750 302 1789 tibi
323 1752 452 1789 hercle
473 1752 550 1789 hau
572 1752 688 1801 longe
710 1758 768 1788 est
789 1763 833 1787 os
855 1749 905 1786 ab
927 1746 1153 1793 infortunio,

159 1816 212 1855 ita
232 1817 562 1868 dentifrangibula
582 1819 679 1856 haec
700 1817 798 1856 meis
820 1816 1002 1855 manibus
1022 1812 1204 1865 gestiunt.

159 1884 227 1921 PA.
260 1897 381 1933 quom
403 1897 476 1934 ego
496 1883 612 1921 huius
634 1883 755 1921 uerba
777 1882 1020 1932 interpretor,
1044 1878 1142 1917 mihi
1162 1875 1330 1916 cautiost

157 1961 208 1986 ne
228 1948 539 1998 nucifrangibula
560 1947 728 1986 excussit
749 1961 795 1986 ex
817 1946 928 1985 malis
950 1945 1057 1984 meis.

158 2020 226 2051 tuo
247 2027 319 2063 ego
340 2013 459 2052 istaec
480 2013 594 2064 igitur
614 2013 744 2053 dicam
765 2012 819 2051 illi
840 2011 1025 2063 periculo.

201 2126 263 2156 577
289 2127 373 2157 puer
389 2117 453 2149 cod.
555 2118 619 2156 578
645 2117 694 2148 vel
708 2117 835 2148 harunc
926 2127 990 2156 579
1015 2115 1066 2147 vel
1087 2115 1196 2156 pultat
1285 2116 1344 2155 581
1373 2118 1488 2152 ecquis

157 2159 321 2200 Scaliger:
344 2162 461 2200 ecquis
474 2161 525 2192 his
539 2161 605 2192 cod.
697 2162 760 2199 584
782 2171 869 2200 quae
881 2160 973 2191 ItaL:
996 2160 1051 2200 qui
1066 2159 1147 2190 cod.:
1169 2157 1268 2200 qui<d
1284 2160 1357 2190 est?
1379 2155 1488 2199 quae)

158 2207 192 2233 te
210 2203 347 2244 Seyfflrt
420 2205 506 2235 male
531 2204 647 2235 addidi
669 2204 728 2245 (iii.
752 2204 785 2245 1)
921 2204 984 2242 588
1009 2209 1163 2234 utramne
1190 2203 1291 2233 Bollze
1423 2210 1488 2240 590

157 2246 340 2287 philippios
357 2248 422 2279 cod.
440 2252 485 2280 ut.
501 2248 564 2280 vid.
699 2258 764 2288 592
781 2250 904 2287 negato
918 2250 946 2278 e.
967 2247 1023 2278 vix
1033 2246 1213 2286 ferendum
1292 2251 1394 2285 negat
1411 2254 1487 2275 esse

154 2290 349 2324 Acidalt‘us:
382 2297 486 2332 negat
507 2302 544 2323 se
561 2291 706 2323 Rz'tsclzl:
739 2302 825 2330 nega
847 2301 924 2322 esse
936 2290 977 2331 (2)
996 2289 1062 2321 Leo
1080 2291 1134 2330 (ut
1153 2289 1250 2321 Stich.
1271 2290 1336 2328 256
1361 2293 1485 2328 negato

157 2343 233 2364 esse
251 2335 284 2365 in
299 2334 401 2376 Ppro
419 2346 508 2376 nega
524 2336 617 2376 esse)
634 2347 641 2366 ε
656 2335 739 2375 fort.
758 2339 860 2374 negat
877 2345 954 2366 sese
971 2334 1020 2365 vel
1035 2344 1122 2373 nega
1140 2339 1174 2364 tu
1192 2343 1269 2363 esse

201 2398 318 2420 PLAvr.
338 2399 349 2420 1
1361 2402 1401 2433 11

1521 76 1537 111 i

1526 655 1564 676 10

1521 820 1551 858 ii

1518 1564 1556 1585 10

1511 1889 1548 1920 15
