1727 2702
194 103 224 141 1.
245 103 274 140 ii
667 103 714 141 T.
747 102 928 142 MACCI
961 103 1163 141 PLAVTI

243 215 322 255 CH.
344 213 440 266 perii
458 217 464 252 !
486 222 527 253 tu
544 214 706 265 quidem
721 215 975 254 thensaurum
993 216 1071 254 huc
1088 214 1183 254 mihi
1200 214 1456 266 adportauisti
1469 214 1573 254 mali.
1688 215 1705 270 {J

241 281 373 319 nullus
403 293 502 318 sum.
562 282 635 318 Ac.
667 279 791 318 immo
819 281 996 320 es—CH.
1028 280 1110 319 scio
1141 280 1229 327 iam,
1253 281 1435 320 miserum
1468 281 1577 320 dices

1018 353 1070 384 tu.
1130 347 1202 384 Ac.
1235 345 1314 384 dixi
1335 359 1408 395 ego
1428 353 1573 385 tacens.

183 424 224 458 55
246 411 324 450 Cn.
357 410 455 463 quid
475 410 575 450 istuc
596 418 655 451 est
682 410 806 450 mali?
860 412 933 449 Ac.
966 424 1016 449 ne
1037 410 1190 461 rogites,
1213 424 1442 449 maxumum
1463 410 1578 450 infor·
1600 412 1661 457 165
1693 415 1702 469 ⁴)

1331 483 1485 515 tumum
1505 483 1574 515 est.

243 541 321 581 CH.
354 554 529 592 opsecro,
553 541 727 580 dissolue
748 541 825 580 iam
847 555 936 588 me;
965 541 1072 579 nimi'
1092 541 1161 580 diu
1182 541 1302 580 animi
1324 543 1490 592 pendeo.

243 608 315 645 Ac.
338 606 505 658 placide,
522 608 645 646 multa
660 607 862 657 exquirere
875 606 993 646 etiarn
1010 607 1107 657 priu'
1124 609 1216 645 uolo
1237 620 1356 657 quam
1378 609 1573 658 uapulem.

244 672 323 711 CH.
354 673 486 711 hercle
507 685 602 711 uero
622 672 830 723 uapulabis
850 671 925 710 nisi
945 672 1022 710 iam
1044 674 1205 723 loquere
1224 680 1292 711 aut
1312 672 1405 712 hinc
1424 673 1520 712 abis.

243 739 316 776 AC.
348 738 424 777 hoc
458 737 511 777 sis
544 737 649 786 uide,
685 745 727 776 ut
765 739 954 789 palpatur.
1015 739 1173 786 nullust,
1209 740 1371 789 quando
1409 738 1576 790 occepit,

1379 804 1572 843 blandior.
1695 851 1698 854 Δ

178 873 224 906 60
243 868 321 908 CH.
354 882 519 919 opsecro
541 869 672 907 hercle
689 882 838 919 oroque
854 876 897 907 ut
913 868 1013 907 istuc
1030 867 1127 919 quid
1148 868 1196 907 sit
1215 876 1392 908 actutum
1409 868 1574 917 indices,
1597 879 1664 914 170

241 933 568 984 quandoquidem
590 934 686 972 mihi
707 934 1012 985 supplicandum
1033 935 1189 973 seruolo
1209 934 1328 973 uideo
1349 948 1449 973 meo.

242 1000 313 1037 Ac.
337 1000 498 1038 tandem
519 998 704 1050 indignus
722 998 891 1037 uideor?
939 999 1017 1038 CH.
1040 998 1164 1037 immo
1179 999 1330 1050 dignus.
1373 1002 1444 1038 AC.
1468 999 1574 1050 equi-

1297 1065 1389 1103 dem
1410 1064 1570 1104 credidi.

242 1129 320 1169 CH.
353 1143 529 1181 opsecro,
548 1144 643 1169 num
666 1130 778 1169 nauis
794 1130 936 1181 periit?
993 1132 1064 1168 Ac.
1089 1131 1234 1168 saluast
1254 1129 1376 1177 nauis,
1395 1143 1444 1169 ne
1465 1129 1570 1169 time.

241 1195 319 1234 CH.
352 1194 448 1245 quid
477 1194 554 1233 alia
581 1196 858 1233 armamenta?
915 1197 986 1233 Ac.
1021 1197 1130 1234 salua
1154 1203 1193 1234 et
1216 1209 1312 1234 sana
1331 1203 1431 1234 sunt.
1492 1196 1570 1236 CH.

1232 1260 1328 1311 quin
1350 1268 1391 1299 tu
1411 1260 1572 1312 expedis

176 1331 220 1373 65
240 1326 336 1377 quid
357 1325 430 1365 siet
450 1327 559 1377 quod
580 1339 645 1365 me
664 1339 733 1377 per
752 1326 890 1364 urbem
911 1339 1070 1365 currens
1090 1327 1307 1377 quaerebas
1328 1327 1480 1365 modo?
1595 1333 1658 1370 Ι75

240 1393 312 1430 Ac.
346 1390 552 1442 tuquidem
573 1404 621 1429 ex
641 1403 707 1429 ore
728 1390 946 1429 orationem
970 1391 1022 1429 mi
1045 1391 1170 1442 eripis.
1224 1392 1302 1430 CH.
1325 1398 1447 1430 taceo.
1497 1393 1569 1429 Ac.

1473 1463 1568 1495 tace.

239 1521 370 1569 credo,
392 1521 424 1560 si
444 1521 540 1560 boni
561 1521 657 1572 quid
677 1521 728 1560 ad
749 1528 788 1559 te
809 1520 1002 1566 nuntiem,
1023 1521 1143 1561 instes
1163 1521 1311 1568 acriter,

239 1585 307 1636 qui
328 1599 446 1634 nunc,
464 1599 586 1637 quom
609 1587 755 1624 malum
777 1585 1073 1635 audiendumst,
1089 1587 1238 1638 flagitas
1261 1600 1323 1626 me
1339 1595 1380 1626 ut
1397 1588 1566 1638 eloquar.

240 1651 318 1691 CH.
351 1664 516 1701 opsecro
537 1652 667 1690 hercle
688 1659 726 1690 te
747 1651 847 1690 istuc
867 1651 923 1690 uti
944 1659 985 1690 tu
1007 1651 1103 1690 mihi
1124 1654 1271 1691 malum
1288 1652 1407 1691 facias
1425 1654 1567 1704 palam.

181 1726 223 1760 70
240 1718 312 1755 Ac.
345 1717 516 1766 eloquar,
558 1715 884 1765 quandoquidem
930 1729 993 1754 me
1040 1730 1137 1755 oraS.
1207 1719 1287 1755 tuo’
1324 1717 1567 1768 pater—CH.
1595 1719 1660 1754 180

1194 1782 1291 1832 quid
1313 1783 1414 1821 meu’
1434 1784 1572 1833 pater?

240 1849 313 1886 AC.
345 1855 453 1886 tuam
474 1847 779 1885 amicam—CH.
804 1846 899 1896 quid
917 1849 1035 1885 eam?
1082 1850 1154 1886 Ac.
1178 1847 1287 1886 uidit.
1339 1849 1416 1886 CH.
1440 1847 1572 1886 uidit?

1061 1926 1134 1950 uae
1155 1912 1296 1950 misero
1317 1912 1411 1950 mihi
1430 1915 1436 1950 ἒ
1494 1913 1569 1950 hoe

240 1979 349 2029 quod
371 1986 408 2017 te
430 1978 626 2027 interrogo
648 1978 852 2026 responde.
914 1980 985 2015 Ac.
1018 1978 1112 2027 quin
1135 1986 1176 2016 tu
1198 1978 1228 2015 si
1250 1977 1345 2027 quid
1367 1977 1425 2015 uis
1445 1990 1547 2026 roga.

241 2043 319 2084 CH.
351 2042 419 2094 qui
440 2041 569 2093 potuit
589 2040 753 2078 uidere?
801 2041 873 2077 Ac.
898 2041 1033 2078 oculis.
1087 2043 1164 2079 CH.
1188 2054 1268 2091 quo
1289 2043 1437 2092 pacto?
1492 2044 1565 2080 Ac.

1355 2106 1565 2145 hiantibus.

239 2174 318 2214 CH.
352 2173 402 2211 in'
423 2172 515 2210 hinc
536 2171 762 2210 dierectus?
792 2183 936 2219 nugare
959 2171 998 2208 in
1020 2185 1058 2209 re
1079 2170 1234 2221 capitali
1257 2185 1353 2209 nica.

285 2280 345 2318 163
370 2278 457 2308 hunc
477 2277 551 2307 PU)
642 2276 690 2306 vel
705 2276 747 2305 mi
843 2277 900 2314 164
927 2281 1042 2307 tacens
1062 2276 1195 2306 Baker:
1230 2282 1323 2306 taces
1348 2275 1413 2308 cod.
1508 2276 1569 2314 169

238 2322 393 2362 palpator
410 2320 483 2350 PCD
622 2330 678 2358 174
704 2324 903 2349 ornamenta
929 2319 961 2348 Β
1097 2322 1156 2359 176
1180 2321 1250 2350 face
1271 2319 1371 2349 Bothe
1507 2319 1563 2349 181

236 2366 299 2395 hoc
318 2367 350 2395 in
368 2365 458 2394 initio
475 2375 501 2394 v.
523 2373 584 2402 seq.
604 2362 671 2394 cod.
767 2363 826 2392 182
847 2367 923 2402 pos!
938 2363 997 2402 185
1008 2365 1118 2403 posuit
1134 2363 1307 2394 Acidalius
1375 2362 1564 2402 interrogo]

237 2419 318 2449 rogo
337 2408 475 2447 Bentley,
483 2407 564 2446 sort.
585 2410 659 2437 recte
677 2406 727 2445 (cf
749 2407 818 2445 185.
840 2416 918 2445 214r
1014 2409 1071 2449 ¹84
1097 2407 1146 2437 vc!
1160 2409 1255 2438 mea?
1274 2407 1527 2448 (interrogalt've·)
