1727 2712
583 75 957 114 CISTELLARIA
1403 79 1434 116 Ι.
1454 79 1468 116 i

105 189 194 226 SEL.
214 186 245 225 si
260 186 357 237 quid
373 193 432 225 est
446 187 556 237 quod
573 187 715 232 doleat,
732 186 840 224 dolet
856 199 866 233 3
894 184 925 223 si
942 187 1073 224 autem
1091 199 1171 224 non
1188 194 1434 225 est—tamen
1455 192 1475 223 6
1480 205 1496 234 5

1134 252 1210 289 hoc
1231 250 1295 289 hic
1315 252 1433 290 dolet.

105 318 178 355 Gv.
210 324 316 355 amat
343 318 440 355 haec
465 316 613 355 mulier.
674 318 763 354 SEL.
798 316 874 353 eho
897 328 947 353 an
974 328 1105 354 amare
1133 316 1312 367 occipere
1335 330 1438 355 ama-

1043 394 1128 419 rum
1150 388 1219 428 est,
1243 383 1439 431 opsecro?

105 448 178 485 Gv.
198 460 370 497 namque
386 448 669 486 ecastorAmor
685 453 723 484 et
740 447 856 484 melle
873 453 911 484 et
924 447 1012 484 felle
1029 454 1086 485 est
1103 447 1419 486 fecundissumus
1428 462 1440 496 ‚·

41 525 86 561 70
103 511 233 562 gustui
253 514 320 550 dat
341 514 468 560 dulce,
491 526 668 550 amarum
689 513 740 550 ad
762 511 981 550 satietatem
1003 525 1127 562 usque
1148 512 1305 563 oggerit.

104 578 194 615 SEL.
225 578 276 615 ad
297 577 410 616 istam
437 578 577 616 faciem
599 585 656 616 est
682 576 843 615 morbus
865 576 932 626 qui
958 590 1030 623 me,
1053 591 1142 615 mea
1163 577 1434 627 Gymnasium,

1252 650 1432 682 macerat.

103 709 177 747 Gv.
200 708 432 758 perfidiosus
453 716 512 747 est
532 711 666 747 Amor.
717 709 807 747 SEL.
831 721 923 759 ergo
943 707 982 745 in
1001 721 1062 746 me
1084 710 1308 757 peculatum
1330 707 1431 747 facit.
1460 723 1499 757 70

103 773 177 810 GY.
194 773 301 811 bono
314 773 448 811 animo
463 773 594 820 es‚erit
609 773 670 811 isti
684 773 824 811 morbo
839 772 989 811 melius.
1024 774 1113 811 SEL.
1130 774 1328 811 confidam
1344 775 1435 821 fore,

103 837 133 875 si
155 838 333 876 medicus
355 838 488 877 ueniat
509 838 576 888 qui
598 838 690 877 huic
712 838 851 876 morbo
873 839 999 876 facere
1021 837 1258 876 medicinam
1281 845 1420 888 potest.

40 917 81 954 75
103 903 176 940 Gv.
201 902 343 941 ueniet.
393 904 483 941 SEL.
511 902 680 954 spissum
702 902 801 941 istuc
821 902 969 940 amanti
990 909 1048 940 est
1069 902 1234 941 uerbum
1258 906 1266 922 ‘
1280 903 1437 950 ueniet,'

1218 967 1291 1006 nisi
1313 968 1432 1007 uenit.

99 1033 169 1071 sed
189 1046 262 1084 ego
284 1047 371 1073 mea
391 1036 507 1085 culpa
528 1042 566 1073 et
587 1033 749 1072 stultitia
768 1032 880 1083 peius
901 1033 1041 1071 misera
1062 1046 1245 1080 maceror,

100 1111 222 1148 quom
239 1112 312 1149 ego
327 1099 438 1137 illum
455 1113 578 1137 unum
598 1098 651 1137 mi
669 1097 851 1149 exoptaui
868 1097 1029 1148 quicum
1047 1106 1216 1137 aetatem
1233 1099 1428 1148 degerem.
1454 1109 1491 1143 75

101 1164 171 1202 LE.
206 1172 408 1203 matronae
430 1164 543 1215 magi'
565 1163 855 1203 conducibilest
876 1163 986 1209 istuc,
1011 1176 1098 1202 mea
1119 1163 1331 1210 Selenium,

100 1241 223 1267 unum
243 1242 375 1268 amare
395 1236 433 1268 et
453 1231 545 1267 cum
566 1242 615 1268 eo
633 1236 803 1267 aetatem
825 1228 977 1278 exigere
997 1228 1091 1277 quoi
1113 1236 1270 1278 nuptast
1298 1230 1423 1267 semel.

35 1294 81 1329 80
99 1306 236 1332 uerum
258 1294 363 1332 enim
386 1294 567 1333 meretrix
587 1293 773 1332 fortunati
794 1301 852 1332 est
873 1293 1010 1343 oppidi
1032 1293 1251 1332 simillima:

98 1370 179 1396 non
200 1366 328 1409 potest
350 1372 460 1398 suam
482 1373 563 1398 rem
585 1359 763 1409 optinere
784 1360 867 1397 sola
887 1358 971 1396 sine
993 1358 1124 1396 multis
1145 1358 1247 1396 uiris.

97 1424 186 1462 SEL.
219 1425 295 1462 hoc
327 1426 420 1463 uolo
447 1424 578 1475 agatis.
639 1437 717 1474 qua
749 1423 960 1462 accersitae
987 1436 1124 1461 caussa
1157 1424 1207 1461 ad
1241 1437 1303 1462 me
1337 1424 1429 1463 estis
1451 1431 1493 1461 80

1254 1491 1426 1539 eloquar.

97 1567 188 1592 nam
210 1568 297 1593 mea
318 1562 451 1601 mater,
475 1554 567 1605 quia
588 1567 660 1605 ego
681 1555 774 1592 nolo
796 1567 858 1592 me
876 1553 1118 1592 meretricem
1140 1553 1271 1601 dicier,

96 1627 332 1669 opsecutast‚
355 1619 472 1669 gessit
494 1633 645 1658 morem
666 1619 793 1657 oranti
814 1618 1028 1669 morigerae
1050 1618 1155 1664 mihi,

32 1686 73 1730 85
95 1691 137 1721 ut
159 1697 232 1731 me,
255 1684 373 1734 quem
395 1698 468 1734 ego
487 1698 660 1722 amarem
681 1684 860 1734 grauiter,
883 1683 1026 1722 sineret
1046 1686 1136 1721 cum
1158 1697 1205 1722 eo
1226 1684 1369 1722 uiuere.

95 1749 165 1786 LE.
198 1750 314 1788 stulte
339 1757 491 1788 ecastor
518 1749 618 1788 fecit.
679 1750 748 1787 sed
776 1756 818 1787 tu
846 1762 1087 1798 enumquam
1115 1762 1205 1787 cum
1236 1750 1424 1799 quiquam

1340 1815 1424 1853 uiro

92 1880 362 1918 consueuisti?
419 1881 508 1917 SFJ..
538 1879 611 1917 nisi
633 1878 795 1929 quidem
816 1891 907 1917 cum
928 1879 1234 1922 Alcesimarcho,
1252 1879 1423 1922 nemine,
1445 1884 1484 1924 85

93 1957 166 1982 nec
188 1944 417 1994 pudicitiam
446 1944 642 1982 imminuit
664 1957 793 1982 meam
822 1944 917 1982 mihi
945 1944 1154 1994 quisquam
1182 1945 1290 1982 alius.
1352 1947 1420 1982 LE.

1245 2023 1420 2059 opsecro,

134 2114 175 2151 67
200 2114 364 2153 siquidem
382 2124 463 2144 coma
485 2113 592 2152 siquid
615 2118 665 2143 est
683 2113 736 2142 PR
873 2123 914 2151 70
938 2112 1055 2142 accedit
1068 2112 1124 2149 A;
1144 2118 1253 2152 panca
1270 2113 1427 2153 leguntur

91 2166 140 2187 vv.
156 2158 240 2194 70-6
294 2161 395 2196 gustu
412 2156 450 2195 P,
464 2156 497 2185 A
511 2167 544 2187 n.
558 2156 577 2187 Ι.
672 2166 709 2194 77
736 2155 854 2195 quom]
869 2156 991 2194 quiaP
1044 2166 1146 2186 unum
1163 2167 1228 2186 om.
1244 2156 1276 2186 A
1293 2157 1351 2195 (iii.
1369 2158 1421 2197 11)

91 2204 202 2229 aetate
218 2200 251 2230 P
358 2201 398 2238 78
417 2200 468 2230 vel
482 2210 580 2238 mage
691 2199 775 2237 80—5
792 2201 916 2239 priores
927 2210 1082 2229 versuum
1094 2203 1206 2239 partes
1222 2200 1420 2240 leguntur-A

91 2243 131 2272 82
156 2243 220 2272 hoc
239 2253 328 2273 nu—
344 2243 377 2272 A
512 2244 553 2281 84
577 2242 627 2272 vel
641 2243 809 2281 morigere
899 2242 1060 2273 obsecuta
1077 2248 1127 2273 est
1146 2244 1187 2272 de
1208 2254 1247 2273 ea
1266 2254 1301 2273 re
1319 2245 1422 2282 gessit

91 2286 196 2324 (gessi
215 2285 285 2326 PE)
304 2297 431 2316 morem
452 2287 620 2325 morigere
638 2286 718 2315 mihi
739 2285 771 2316 Ρ
901 2287 943 2316 88
967 2297 1077 2325 neque
1102 2287 1293 2326 pudicitiam
1313 2298 1420 2321 meam

90 2329 204 2370 mi[hi]
224 2329 310 2360 alius
328 2329 502 2369 quisquam
523 2330 695 2360 imminuit.
748 2329 803 2360 LE.
832 2340 975 2369 opsecro
992 2330 1024 2359 P
