1727 2712
628 95 918 135 CVRCVLIO
1368 95 1437 132 IV.
1457 94 1503 131 iv

27 220 95 260 570
112 207 214 246 male
234 205 353 256 loqui,
377 207 565 256 profecto,
588 207 684 256 quoi
703 219 777 256 ego
798 205 871 244 nisi
893 207 1041 244 malum
1063 205 1117 244 nil
1139 206 1279 245 debeo.

110 274 188 311 ΤΗ.
213 271 337 310 mihin
359 273 507 311 malum
529 271 738 310 minitare?
795 272 866 311 CA.
889 279 1009 321 atque
1030 272 1173 321 edepol
1195 286 1274 311 non
1292 270 1443 310 minita-
1465 289 1501 320 15

1129 337 1208 383 bor,
1233 338 1302 375 sed
1323 337 1439 383 dabo,

109 402 139 440 si
161 415 296 452 perges
318 404 507 441 molestus
528 415 624 440 esse.
684 403 762 439 ΤΗ.
796 403 886 440 leno
908 401 1108 440 minitatur
1130 402 1236 449 mihi,

109 481 299 517 meaeque
320 480 475 518 pugnae
496 466 705 517 proeliares
725 467 930 516 plurumae
952 466 1117 517 optritae
1140 467 1296 506 iacent?

107 541 146 572 at
166 532 219 571 ita
239 545 302 571 me
324 533 531 570 machaera
551 539 589 570 et
610 532 773 581 clupeus
859 544 877 564 21<
965 545 983 564 κὴ
1071 545 1088 565 *
1173 530 1320 584 (meus)

25 610 88 649 575
107 599 210 638 bene
229 598 366 636 iuuent
387 604 629 648 pugnantem
650 596 689 635 in
710 596 794 635 acie
812 612 818 635 :
848 596 922 635 nisi
944 597 996 635 mi
1018 597 1127 647 uirgo
1149 598 1333 645 redditur,

107 663 184 702 iam
206 677 279 714 ego
300 670 338 702 te
359 662 499 701 faciam
521 669 563 701 ut
584 661 648 701 hic
669 662 854 701 formicae
875 662 1110 700 frustillatim
1133 663 1323 701 differant.
1462 680 1502 701 20

109 730 180 769 CA.
203 736 242 766 at
259 728 311 766 ita
327 741 390 766 me
407 728 604 774 uolsellae,
621 734 774 777 pecten,
791 728 1007 777 speculum,
1025 727 1287 765 calamistrum
1306 741 1439 766 meum

108 793 209 832 bene
231 806 294 831 me
313 791 501 830 amassint
523 804 690 841 meaque
711 791 827 829 axitia
848 791 1093 842 linteumque
1114 793 1291 839 extersui‚

106 866 149 896 ut
169 870 242 908 ego
263 864 329 896 tua
350 857 572 905 magnufica
593 856 714 894 uerba
734 869 863 906 neque
884 856 976 894 istas
997 863 1082 894 tuas
1105 870 1265 906 magnas
1287 857 1411 896 minas

23 928 89 973 580
106 936 187 961 non
208 922 327 972 pluris
348 921 450 960 facio
470 934 589 971 quam
610 920 793 959 ancillam
815 934 943 959 meam
965 934 1066 971 quae
1087 915 1265 959 latrinam
1288 924 1402 961 lauat.

105 1001 178 1038 ego
207 987 313 1025 illam
343 985 497 1036 reddidi
529 985 597 1036 qui
628 993 831 1036 argentum
858 1000 881 1024 a
911 993 948 1024 te
977 986 1116 1024 attulit.
1176 989 1255 1025 ΤΗ.
1288 988 1375 1037 quis
1406 987 1436 1025 is
1459 1004 1497 1035 25

1208 1060 1265 1091 est
1287 1054 1438 1091 homo?

105 1119 176 1158 CA.
195 1125 305 1157 tuom
322 1117 505 1155 libertum
524 1129 608 1155 sese
622 1116 751 1155 aiebat
768 1129 853 1155 esse
869 1118 1141 1156 Summanum.
1177 1119 1255 1156 ΤΗ.
1276 1120 1439 1157 meum?

103 1190 200 1221 attat
219 1185 226 1220 l
262 1181 448 1222 Curculio
470 1182 600 1220 hercle
622 1181 742 1220 uerba
763 1181 858 1219 mihi
880 1181 1000 1229 dedit,
1024 1195 1147 1232 quom
1168 1183 1309 1233 cogito.

105 1248 136 1286 is
158 1247 253 1286 mihi
274 1248 436 1286 anulum
458 1246 665 1297 surrupuit.
727 1247 799 1286 CA.
832 1247 1064 1297 perdidistin
1086 1255 1126 1285 tu
1147 1250 1340 1287 anulum?

20 1318 84 1363 585
104 1313 215 1353 miles
236 1314 398 1363 pulchre
419 1312 658 1351 centuriatus
680 1320 737 1350 est
758 1320 956 1362 expuncto
977 1312 1016 1350 in
1039 1313 1251 1363 manipulo.

103 1380 182 1418 ΤΗ.
224 1379 292 1418 ubi
332 1391 438 1417 nunc
483 1377 763 1417 Curculionem
807 1377 1039 1416 inueniam?
1114 1379 1185 1418 CA.
1228 1379 1267 1417 in
1309 1380 1436 1420 tritico
1457 1395 1499 1425 30

1225 1445 1432 1493 facillume,

103 1511 165 1548 uel
186 1509 423 1560 quingentos
444 1508 691 1548 curculiones
712 1521 783 1559 pro
804 1521 884 1546 uno
905 1509 993 1547 faxo
1013 1509 1192 1560 reperias,

103 1588 177 1625 ego
195 1575 307 1621 abeo,
330 1576 418 1613 uale
438 1582 557 1624 atque
578 1574 835 1612 salue—Tu.
869 1574 970 1612 male
992 1575 1089 1620 uale,
1114 1576 1215 1613 male
1237 1575 1283 1614 sit
1305 1575 1375 1614 tibi
1393 1578 1399 1614 !

103 1639 199 1689 quid
227 1653 300 1689 ego
328 1639 498 1677 faciam?
540 1652 722 1677 maneam
747 1651 797 1676 an
822 1638 993 1677 abeam?
1034 1638 1130 1697 sicin
1159 1639 1254 1678 mihi
1280 1654 1364 1679 esse
1391 1655 1435 1679 os

1239 1705 1405 1744 oblitum
1419 1707 1436 1744 ?

20 1777 87 1814 590
103 1769 221 1820 cupio
241 1770 334 1808 dare
356 1769 579 1808 mercedem
602 1768 668 1819 qui
691 1768 811 1807 illunc
833 1768 899 1807 ubi
922 1768 970 1807 sit
991 1777 1246 1808 commostret
1268 1770 1373 1808 mihi.

601 1893 836 1940 ACTVS
885 1892 931 1938 V

619 1976 911 2015 CVRCVLro
1454 1975 1500 2011 V.

101 2055 172 2094 CV.
204 2054 424 2104 Antiquom
446 2062 603 2103 poetam
624 2053 758 2092 audiui
780 2053 978 2104 scripsisse
1000 2054 1038 2092 in
1060 2054 1259 2104 tragoedia

100 2119 280 2158 mulieres
302 2120 399 2158 duas
420 2118 573 2168 peiores
594 2131 678 2156 esse
700 2131 818 2168 quarn
840 2132 970 2157 unam.
1033 2133 1091 2157 res
1113 2119 1211 2157 itast.

143 2220 207 2250 570
230 2211 320 2250 loqui
336 2210 409 2241 Ital.
429 2222 436 2241 ε
460 2209 573 2249 eloqui
591 2208 657 2240 cod.
804 2219 865 2249 571
894 2210 979 2240 dabo
997 2209 1153 2240 Mueller:
1179 2212 1208 2241 d.
1230 2209 1343 2250 [mihi]
1362 2217 1427 2243 cna.

99 2254 150 2295 (ii.
168 2255 204 2294 5)
316 2264 378 2293 574
403 2254 503 2284 altera
519 2263 631 2284 versus
642 2257 724 2293 pars
741 2253 897 2283 intercidit
1006 2264 1102 2284 meus
1127 2254 1275 2294 supplevi
1290 2254 1350 2293 (iii.
1374 2257 1425 2285 11*

99 2307 161 2338 577
186 2296 255 2338 me]
273 2307 367 2328 meae
384 2296 487 2327 Bothe
641 2297 706 2335 578
730 2296 779 2327 vel
793 2297 901 2327 axicia
1050 2298 1198 2327 extersui
1217 2297 1429 2329 Palmem'us:

99 2346 271 2372 extersum
289 2341 354 2372 cod.
491 2341 556 2379 580
571 2350 644 2370 eam
662 2339 706 2370 ,Β3
775 2340 854 2371 lauit
872 2340 1005 2380 Seyffert
1136 2342 1200 2379 582
1224 2351 1300 2371 esse
1315 2342 1428 2372 aiebat

98 2394 172 2416 sese
189 2385 278 2416 cod.:
305 2385 376 2416 irai.
399 2384 610 2415 cameram'us
713 2383 776 2422 585
800 2393 838 2415 es
853 2383 937 2415 Pius
1035 2384 1100 2424 589
1124 2384 1283 2415 sublitum
1307 2384 1430 2427 Ussing

1526 1974 1538 2010 i
