1727 2702
173 73 237 112 1.i
633 76 680 113 T.
714 75 894 115 MACCI
927 75 1129 114 PLAVTI

220 196 341 234 quom
363 183 458 222 mihi
480 183 544 222 illa
563 183 668 223 dicet
691 187 699 203 ‘
714 183 766 222 mi
785 183 970 233 animule‚
993 183 1045 222 mi
1066 183 1263 236 Olympi0,

219 261 308 287 mea
327 248 418 295 uita,
442 262 530 287 mea
550 248 722 297 mellilla,
743 263 830 288 mea
851 249 1051 296 festiuitas,
1567 265 1631 306 133

219 312 303 352 sine
324 321 412 352 tuos
432 314 580 352 ocellos
600 314 817 360 deosculer,
840 315 1022 364 uoluptas
1043 327 1140 360 mea,

220 377 303 416 sine
322 378 466 417 amabo
488 379 553 417 ted
573 378 706 425 amari,
730 379 831 417 meu'
851 379 972 417 festus
992 378 1087 425 dies,

159 456 201 487 50
221 444 322 481 meu‘
342 444 472 493 pullus
493 456 635 493 passer,
661 456 748 482 mea
768 443 965 490 columba,
988 443 1040 481 mi
1068 445 1179 494 lepus
1193 444 1212 490 ',

219 521 340 557 quom
363 507 458 546 mihi
480 509 577 547 haec
597 507 778 547 dicentur
797 507 913 554 dicta,
937 516 1019 546 tum
1041 515 1095 555 tu,
1118 507 1283 556 furcifer,

217 573 328 623 quasi
350 587 448 620 mus,
471 573 511 612 in
533 573 666 613 medio
686 573 823 624 parieti
844 574 1063 613 uorsabere.
1565 584 1635 620 140

217 652 322 677 nunc
343 652 392 677 ne
413 646 454 677 tu
476 646 513 678 te
535 638 631 677 mihi
651 640 889 690 respondere
910 641 1094 690 postules,

216 703 318 742 abeo
338 703 450 742 intro.
511 705 642 744 taedet
664 703 719 742 tui
740 703 1079 743 sermonis—CH.
1112 711 1150 743 te
1174 717 1326 754 sequor.

157 779 195 812 55
217 768 281 807 hic
301 767 462 819 quidem
484 770 550 820 pol
570 777 678 809 certo
698 769 752 808 nil
772 782 863 819 ages
883 770 967 808 sine
988 770 1079 808 med
1099 768 1313 809 arbitro.—

711 956 950 1016 ‘Achs
1003 969 1051 1015 11

103 1069 195 1108 II.i
451 1070 824 1109 CLEVSTRATA
938 1070 1300 1107 PARDALISCA

268 1157 338 1196 CL.
371 1156 588 1207 Opsignate
609 1158 738 1203 cellas,
761 1157 899 1195 referte
919 1157 1082 1195 anulum
1103 1157 1154 1195 ad
1176 1169 1262 1194 me:

265 1235 339 1272 ego
360 1223 437 1260 huc
458 1230 613 1260 transeo
634 1221 673 1259 in
695 1234 930 1271 proxumum
950 1222 1001 1260 ad
1022 1234 1152 1260 meam
1173 1220 1356 1260 uicinam.
1565 1229 1626 1268 145

267 1286 324 1325 uir
345 1286 376 1325 si
396 1286 493 1337 quid
514 1288 621 1325 uolet
641 1300 715 1333 me,
739 1285 853 1325 facite
875 1285 966 1324 hinc
986 1285 1204 1325 accersatis.

322 1353 391 1390 ΡΑ.
423 1351 632 1403 prandium
654 1351 815 1390 iusserat
836 1364 955 1390 senex
975 1350 1049 1390 sibi
1070 1351 1206 1402 parari.

175 1429 194 1460 5
537 1418 608 1458 CL.
640 1420 700 1456 st!

319 1490 404 1521 tace
423 1490 542 1533 atque
561 1482 626 1521 abi
644 1497 654 1530 ς
682 1496 811 1532 neque
833 1495 926 1532 paro
946 1495 1077 1532 neque
1097 1481 1217 1521 hodie
1235 1489 1438 1532 coquetur,
1561 1492 1697 1529 149-50

317 1549 478 1598 quando
500 1547 530 1586 is
552 1547 603 1585 mi
625 1555 662 1586 et
684 1547 764 1586 filio
784 1547 1016 1586 ciduorsatur
1036 1560 1108 1585 suo

369 1612 491 1651 animi
512 1612 735 1662 amorisque
755 1625 894 1650 caussa
913 1611 984 1659 sui,
1562 1623 1674 1660 152-4
1698 1603 1699 1606 ¹

211 1676 398 1727 flagitium
420 1677 516 1716 illud
537 1677 708 1716 hominis
726 1680 732 1715 ἔ
767 1691 841 1728 ego
862 1676 971 1715 illum
993 1678 1107 1724 fame,
1129 1690 1202 1727 ego
1223 1675 1333 1715 illum
1353 1674 1428 1723 siti,
1560 1686 1623 1723 155

153 1754 192 1776 10
265 1742 493 1789 maledictis,
518 1742 732 1782 malefactis
751 1749 967 1782 amatorem
989 1741 1164 1788 ulciscar,

263 1823 336 1859 ego
356 1810 422 1859 pol
443 1808 551 1847 illum
574 1809 697 1859 probe
717 1808 982 1848 incommodis
1003 1807 1117 1848 dictis
1136 1821 1290 1858 angam,

316 1874 455 1912 faciam
477 1873 531 1912 uti
553 1874 718 1924 proinde
739 1881 781 1912 ut
801 1882 860 1913 est
879 1873 1022 1924 dignus
1043 1872 1164 1912 uitam
1185 1873 1298 1919 colat,

477 1939 738 1978 Accheruntis
759 1939 962 1989 pabulum,

531 2003 649 2054 flagiti
672 2017 906 2054 persequen-
1559 2005 1624 2041 160

153 2081 190 2114 ¹5
424 2077 515 2115 tem,
538 2068 736 2106 stabulum
759 2067 967 2118 nequitiae.

262 2147 368 2173 nunc
389 2134 466 2172 huc
487 2146 594 2172 meas
615 2135 788 2172 fortunas
809 2147 857 2172 eo
877 2140 1062 2183 questum
1081 2133 1132 2171 ad
1154 2131 1335 2171 uicinam.

255 2249 314 2278 ¹37
348 2239 422 2269 sinc
454 2247 538 2268 uero
569 2237 671 2268 amari
705 2242 738 2267 te
769 2237 802 2266 A
952 2246 1010 2274 142
1034 2235 1201 2266 sermonis
1232 2235 1278 2265 tui
1311 2235 1344 2266 P
1475 2245 1534 2275 ¹45

209 2283 363 2314 uiciniam
381 2282 413 2311 A
510 2282 570 2320 146
595 2281 670 2311 hinc
688 2291 740 2311 me
758 2291 804 2310 ac.
826 2279 858 2309 P
991 2281 1052 2318 148
1075 2278 1122 2319 st]
1154 2284 1206 2310 sta
1229 2279 1278 2318 (in
1306 2279 1398 2309 initio
1425 2289 1537 2310 versus

205 2326 376 2366 sequentis)
390 2326 422 2355 P
512 2334 565 2363 ¹51
587 2335 648 2355 suo
666 2324 866 2355 aduersatur
880 2322 915 2353 A
1010 2323 1071 2363 158
1095 2326 1132 2354 ut
1146 2333 1214 2354 om.
1230 2322 1264 2353 P
1349 2322 1486 2362 dignam
1499 2322 1532 2353 A

212 2371 269 2399 162
293 2369 369 2399 hinc
382 2369 414 2399 P
501 2369 630 2399 uicinas
647 2367 680 2398 P
