1686 2722
729 111 1049 150 PRAEFATIO

221 221 326 261 enirn
347 222 462 260 aliam
484 236 529 260 ac
550 221 711 261 Graecis
732 221 949 260 comoediis
970 219 1142 270 speciem
1161 218 1310 258 Latinis
1325 220 1552 270 imponere;

222 288 336 325 simul
359 287 452 324 mihi
475 300 702 337 persuasum
732 287 851 324 habui
879 286 964 324 illos
991 286 1123 336 apices
1149 285 1187 322 in
1208 298 1326 323 causa
1346 284 1464 324 fuisse
1485 298 1552 323 cur

222 351 376 402 plurimi
399 352 504 390 docti
526 365 727 402 perperam
743 352 753 372 ¹
777 352 827 390 de
850 351 928 389 ictu
950 350 1113 389 metrico
1142 349 1324 388 Plautino
1351 349 1549 388 sentirent.

223 419 283 456 Eo
320 425 451 456 autem
493 417 622 455 minus
660 415 838 455 dubitavi
878 417 1065 454 molestos
1105 414 1191 453 illos
1229 414 1360 465 apices
1393 414 1444 453 ab
1478 415 1551 453 hac

221 483 397 522 editione
427 483 583 522 abicere
617 495 748 533 neque
780 481 853 520 nisi
885 483 935 520 ad
968 482 1138 520 salebras
1171 481 1269 532 (non
1301 483 1392 521 dico
1426 494 1553 519 corru-

222 549 361 599 ptelas)
386 548 425 587 in
457 556 562 587 textu
592 547 850 586 indicandas²
876 545 1075 594 adhibere,
1099 546 1192 597 quia
1217 559 1285 596 per
1312 546 1552 597 amplissima

221 615 431 653 Schemata
473 616 690 652 Metrorum
728 612 771 651 in
808 611 1012 662 utriusque
1049 612 1260 650 voluminis
1298 613 1376 651 fine
1417 612 1552 651 addita

221 679 313 718 satis
335 679 466 719 lucide
488 688 611 717 metra
631 678 850 717 difficiliora
869 676 1114 728 expedivisse
1136 676 1230 714 mihi
1250 677 1422 716 videbar.

277 745 385 784 Illud
423 744 544 794 magis
583 742 872 782 dubitationem
911 742 1042 781 attulit
1080 756 1253 793 quonam
1293 742 1375 782 iure
1426 756 1552 783 novae

221 809 386 849 editioni
423 810 640 848 fabularum
672 807 939 847 Plautinarum
972 808 1104 846 locum
1135 807 1387 847 vindicarem.
1448 809 1551 847 Nam

222 940 334 967 tamen
353 945 471 966 omnes
490 934 719 975 posteriorem.
763 932 927 973 Equidem
939 933 1020 972 quid
1036 933 1180 964 sentiam
1198 932 1298 973 plene
1308 933 1383 964 alibi
1400 935 1550 974 (‘J0urn.

224 987 322 1018 Phil)
354 998 405 1026 27,
438 989 515 1027 200)
549 985 706 1025 exposui.
759 985 852 1016 Scito
880 985 983 1024 igitur
1008 995 1062 1016 me
1089 985 1121 1015 in
1148 989 1244 1016 textu
1270 985 1369 1017 huius
1394 987 1554 1019 editionis

220 1039 374 1078 apicibus
400 1038 567 1078 appositis
596 1037 724 1068 hiatum
753 1047 829 1067 meo
855 1037 981 1068 iudicio
1012 1036 1199 1076 legitimum
1231 1036 1436 1077 significare,
1466 1038 1554 1070 linea

221 1095 332 1122 autem
360 1097 450 1121 recta
475 1090 601 1121 hiatum
621 1094 678 1120 aut
696 1088 834 1119 omnino
853 1087 971 1119 salsum
988 1093 1045 1119 aut
1061 1094 1266 1127 suspectum.
1312 1087 1424 1121 Etiam
1440 1091 1502 1122 hac
1520 1092 1552 1122 in

223 1153 257 1173 re
276 1143 471 1174 continuam
491 1147 525 1172 et
544 1142 744 1172 disiunctam
755 1140 936 1171 verborum
954 1140 1156 1180 scripturam
1168 1141 1209 1171 ad
1221 1140 1418 1174 varietatem
1437 1153 1553 1182 proso-

223 1195 331 1226 dicam
357 1194 519 1232 adhibui3
543 1204 613 1233 v.g.
631 1193 782 1224 circumit
806 1191 872 1233 (vel
889 1192 1010 1233 drmit)
1035 1191 1138 1224 habet
1162 1196 1231 1223 tres
1254 1192 1415 1233 syllabas,
1433 1195 1553 1225 circum

222 1248 245 1276 1'!
277 1247 371 1286 duas,
407 1247 527 1276 introeo
559 1250 729 1284 quattuor.
767 1245 853 1275 intm
879 1254 915 1275 eo
941 1248 1021 1277 tres.
1067 1242 1108 1274 In
1135 1243 1361 1276 locutionibus
1378 1245 1553 1286 flagitium

222 1299 379 1336 hominis,
398 1299 443 1328 ita
461 1308 512 1328 me
528 1297 564 1327 di
578 1299 700 1336 tinient,
721 1296 895 1335 similibus,
914 1306 1001 1335 quae
1018 1305 1156 1335 semper
1173 1295 1205 1325 in
1219 1296 1371 1327 versibus
1388 1296 1554 1329 Plautinis

222 1353 273 1392 (et
297 1351 454 1382 nimirum
481 1350 513 1379 in
539 1359 696 1379 sermone
722 1348 796 1378 eius
819 1348 895 1379 aevi
915 1346 1104 1385 cotidiano)
1132 1347 1257 1378 hiatum
1285 1348 1458 1387 exhibent,
1485 1360 1552 1381 non

223 1408 294 1434 crat
320 1413 379 1434 cur
401 1403 516 1443 apices
537 1400 753 1439 adhiberem3
778 1409 841 1431 nec
863 1400 974 1439 magis
992 1399 1024 1430 in
1045 1399 1267 1438 Argumentis
1287 1410 1372 1440 quae
1397 1400 1555 1432 dicuntur

223 1456 424 1486 acrostichis
451 1455 482 1484 in
509 1454 630 1493 quibus
657 1453 769 1484 hiatus
793 1453 825 1483 in
851 1461 913 1482 usu
937 1456 997 1483 est.
1044 1451 1154 1482 Etiam
1172 1451 1205 1482 in
1227 1452 1388 1493 prologis,
1406 1453 1461 1494 qui
1487 1464 1552 1485 non

222 1517 358 1547 semper
375 1506 520 1537 Plautini
539 1511 628 1545 sunt,
650 1510 684 1536 et
703 1504 817 1536 hiatus
830 1509 865 1536 et
881 1503 947 1534 alia
963 1513 1049 1543 quae
1071 1503 1212 1535 Plautus
1237 1505 1310 1544 ipse
1330 1505 1552 1537 detrectasset

222 1564 298 1589 sunt
318 1559 461 1589 sortasse
480 1557 658 1588 toleranda
678 1556 736 1595 (cf.
755 1557 797 1587 ad
816 1555 893 1587 Cas.
914 1555 999 1596 prol.
1012 1565 1066 1594 23,
1084 1555 1168 1587 Cist.
1189 1566 1258 1595 arg.
1276 1566 1324 1595 10,
1340 1557 1464 1597 Amph.
1479 1568 1550 1597 arg.

224 1610 235 1640 1
256 1613 301 1650 7),
316 1611 403 1641 unde
421 1610 457 1641 fit
475 1616 509 1640 ut
527 1610 560 1640 in
581 1609 732 1649 prologis
749 1609 880 1648 apicem
899 1607 943 1638 ibi
960 1617 1063 1647 saepe
1079 1607 1286 1639 adhibuerim
1304 1608 1358 1638 ubi
1375 1608 1409 1639 in
1427 1609 1553 1650 reliqua

223 1662 332 1693 sabula
349 1663 438 1693 linea
456 1662 510 1692 illa
528 1666 620 1692 recta
637 1660 788 1691 adhibita
805 1664 907 1691 esset.

266 1714 277 1734 ¹
305 1715 391 1746 Sunt
408 1714 499 1744 enim
518 1714 620 1744 hodie
640 1713 783 1753 (credite
801 1711 928 1752 posteri
942 1711 963 1751 !)
982 1712 1038 1752 qui
1054 1711 1144 1742 serio
1161 1712 1328 1742 affirment
1345 1716 1471 1744 tantam
1485 1713 1551 1744 vim

224 1767 328 1798 fuisse
351 1766 437 1797 ictus
457 1764 586 1796 metrici
607 1770 643 1795 ut
662 1764 695 1794 in
716 1774 815 1794 versu
837 1763 994 1793 Plautino
1012 1765 1092 1803 (non
1112 1767 1225 1794 tamen
1244 1763 1276 1794 in
1292 1764 1460 1795 cotidiano
1478 1766 1552 1796 aevi

225 1818 365 1849 Plautini
384 1817 562 1858 sermone)
581 1816 727 1857 potuerit
744 1817 752 1833 ‘
764 1817 870 1846 amica
881 1815 889 1831 ’
905 1825 948 1845 cx
963 1820 1070 1845 anrrca
1083 1814 1156 1844 fieri
1172 1814 1294 1854 (Stich.
1312 1816 1403 1855 700).
1421 1816 1550 1848 ‘abire’

224 1881 265 1901 ex
290 1870 376 1901 abfrc
401 1870 510 1910 (Trin.
539 1871 635 1911 983).
667 1868 824 1900 ‘venire’
852 1878 892 1898 ex
918 1873 1023 1897 ventre
1045 1866 1162 1906 <Ti-uc.
1188 1867 1278 1906 504),
1309 1867 1482 1898 ‘duobus'
1508 1879 1551 1899 ex

224 1922 351 1953 duobus
387 1923 479 1962 (Cas.
516 1933 605 1961 1011,
639 1921 707 1953 Mil.
741 1922 832 1961 290),
867 1918 1053 1959 ‘deorum,'
1081 1918 1267 1958 ‘dearum‚'
1294 1920 1481 1951 ‘duorum'
1509 1931 1552 1951 ex

223 1975 369 2008 dearum.
397 1975 551 2015 dearum,
580 1974 728 2005 dufirum
756 1971 844 2010 (Mil.
873 1973 945 2011 736,
975 1971 1095 2002 Pseud.
1121 1972 1170 2010 5),
1189 1970 1345 2002 ‘eamus'
1365 1982 1407 2002 ex
1434 1975 1553 2003 ecimus

226 2026 328 2062 thien.
349 2028 439 2066 387),
464 2028 624 2058 ‘diebus'
646 2037 688 2057 ex
711 2025 821 2056 diibus
840 2023 959 2064 (Poen.
986 2023 1092 2062 1207).
1142 2022 1250 2053 Pudet
1273 2023 1367 2063 plura
1388 2024 1549 2064 proferre.

227 2078 438 2118 Ubicumque
463 2081 551 2111 enim
580 2079 708 2120 syllaba
733 2078 844 2109 brevis
871 2077 903 2107 in
928 2086 1027 2107 versu
1054 2075 1207 2106 Plautino
1231 2082 1383 2115 apparet,
1411 2077 1551 2108 credere

224 2130 383 2162 videntur
409 2132 563 2163 Plautum
589 2133 741 2173 potuisse
762 2141 834 2162 cam
862 2129 1027 2171 syllabam
1048 2129 1127 2159 ‘sub
1149 2129 1212 2158 ictu
1239 2130 1379 2160 metrico
1402 2131 1549 2169 ponere’

226 2183 287 2217 (sic
313 2184 400 2214 enim
428 2185 519 2225 loqui
548 2185 677 2223 solent)
709 2190 744 2215 ut
769 2193 917 2223 sequens
946 2182 1075 2223 syllaba
1107 2193 1149 2212 ex
1177 2182 1276 2221 longa
1307 2181 1401 2213 fieret
1429 2183 1550 2215 brevis.

225 2234 311 2266 Vide
330 2248 369 2267 ea
386 2248 471 2276 quae
491 2237 611 2277 scripsi
631 2236 708 2267 alibi
727 2236 837 2277 (Ber-l.
858 2235 944 2268 Phil.
962 2234 1084 2265 Woch.
1103 2245 1154 2272 22,
1175 2234 1251 2274 842)
1272 2234 1389 2265 dehac

313 2290 470 2328 presedia
490 2299 591 2329 quam
610 2289 743 2329 perodit
762 2288 869 2326 Musa,
892 2288 1083 2323 inamoena,
1102 2286 1311 2326 perhorrida,
1333 2286 1451 2317 inutili.

269 2339 280 2359 ²
308 2341 408 2371 Unde
425 2342 523 2372 etiam
539 2341 603 2371 hoc
619 2341 829 2372 commodum
845 2339 951 2370 habes
964 2343 1000 2369 ut
1013 2338 1108 2369 facile
1123 2337 1302 2377 intellegas
1315 2348 1381 2377 quo
1396 2342 1551 2378 spectent

226 2394 442 2424 coniecturae
460 2393 606 2424 virorum
625 2393 797 2423 doctorum
817 2392 850 2422 in
867 2391 1087 2423 adnotatione
1106 2394 1320 2421 memoratae.

855 2445 921 2486 viii
