1676 2722
673 141 1021 180 AMPHITRVO
1473 141 1504 178 Ι.
1526 140 1541 179 i

88 264 153 307 265
176 258 338 307 quando
353 256 484 306 imago
499 263 558 295 est
577 254 708 294 huiius
725 254 764 292 in
782 267 855 300 me,
874 260 1024 291 certum
1041 260 1100 291 est
1116 252 1318 291 hominem
1336 253 1504 290 eludere.

176 329 215 360 et
235 321 340 360 enim
362 335 456 359 uero
478 320 664 372 quoniam
688 321 853 357 formam
869 318 957 368 cepi
979 317 1095 356 huius
1116 317 1155 355 in
1178 319 1268 355 med
1291 325 1327 355 et
1348 324 1505 364 statum,

176 388 291 425 decet
311 394 349 425 et
369 387 472 424 facta
492 398 700 434 moresque
721 383 836 421 huius
857 383 1003 421 habere
1024 396 1087 421 me
1108 381 1245 421 similis
1266 382 1370 420 item.
1531 398 1591 431 115

177 451 309 501 itaque
330 465 393 489 me
415 452 562 488 malum
583 463 669 489 esse
685 456 851 498 oportet,
869 447 1067 494 callidum,
1085 455 1258 486 astutum
1275 448 1504 495 admodum,

176 524 296 566 atque
316 518 422 554 hunc
442 517 522 554 telo
543 528 615 553 suo
635 514 720 561 sibi,
744 513 901 559 malitia,
924 526 947 550 a
966 512 1114 550 foribus
1135 514 1290 562 pellere.

87 595 157 629 270
177 583 247 619 sed
285 581 382 631 quid
421 581 512 619 illuc
551 581 639 619 est?
678 580 830 617 caelum
869 585 1055 628 aspectat.
1129 578 1350 627 opseruabo
1389 590 1508 628 quam

1305 656 1385 680 rem
1406 649 1505 692 agat.

175 713 240 750 So.
273 719 378 750 certe
416 712 570 761 edepol,
607 710 638 748 si
677 709 928 760 quicquamst
962 708 1070 746 aliud
1105 709 1214 758 quod
1248 709 1407 746 credam
1440 714 1508 745 aut

1235 781 1343 812 certo
1372 773 1505 819 sciam,

175 843 294 881 credo
315 855 388 891 ego
409 843 482 879 hac
504 849 623 879 noctu
647 842 895 878 Nocturnum
919 839 1209 878 obdormiuisse
1229 838 1393 877 ebrium.
1532 856 1593 881 120

175 920 267 945 nam
288 920 418 956 neque
439 920 480 944 se
501 905 796 955 Septentriones
818 918 1019 955 quoquam
1047 904 1087 942 in
1107 906 1218 942 caelo
1238 911 1507 952 commouent,

174 984 305 1022 neque
326 984 368 1010 se
389 972 503 1009 Luna
523 983 726 1020 quoquam
748 977 873 1007 mutat
893 977 1012 1019 atque
1032 969 1087 1007 uti
1111 976 1243 1007 exorta
1263 976 1321 1008 est
1341 970 1474 1016 semel,

87 1051 154 1088 275
175 1050 249 1075 nec
272 1037 435 1086 Iugulae
455 1048 585 1085 neque
607 1037 838 1084 Vesperugo
860 1047 989 1084 neque
1009 1034 1205 1083 Vergiliae
1226 1034 1425 1073 occidunt.

176 1102 229 1140 ita
249 1100 379 1139 statim
401 1108 503 1138 stant
525 1099 646 1150 signa,
670 1112 799 1149 neque
821 1112 898 1137 nox
918 1112 1121 1149 quoquam
1143 1099 1328 1138 concedit
1349 1099 1426 1138 die.

177 1168 260 1210 ME.
293 1179 419 1216 perge,
444 1167 545 1212 Nox,
569 1172 611 1203 ut
632 1164 820 1214 occepisti
836 1179 845 1211 3
874 1177 963 1214 gere
984 1164 1082 1214 patri
1104 1178 1254 1203 morem
1277 1178 1390 1204 meo:
1532 1182 1592 1214 125

175 1238 342 1281 optumo
362 1238 526 1281 optume
546 1238 752 1280 optumam
775 1243 934 1279 operam
952 1230 1033 1275 das,
1050 1230 1183 1268 datam
1205 1231 1367 1280 pulchre
1389 1231 1506 1269 locas.

176 1298 240 1335 So.
274 1310 403 1346 neque
424 1309 496 1346 ego
518 1297 591 1334 hac
612 1304 729 1334 nocte
751 1295 968 1344 longiorem
991 1308 1053 1333 me
1076 1295 1221 1334 uidisse
1242 1309 1398 1343 censeo,

86 1364 155 1397 280
175 1362 249 1400 nisi
269 1362 363 1400 item
385 1364 519 1409 unam,
540 1361 768 1399 uerberatus
789 1374 906 1410 quam
930 1360 1102 1410 pependi
1126 1369 1325 1410 perpetem
1345 1376 1354 1409 ;

174 1441 260 1466 eam
282 1440 442 1478 quoque
458 1427 601 1477 edepol
623 1426 740 1464 etiam
763 1427 888 1464 multo
909 1427 1006 1463 haec
1028 1425 1120 1464 uicit
1143 1426 1399 1476 longitudine.

174 1493 293 1530 credo
309 1493 452 1542 edepol
467 1491 653 1541 equidem
671 1490 841 1528 dormire
858 1491 990 1528 Solem
1011 1498 1130 1540 atque
1150 1492 1341 1541 adpotum
1364 1491 1488 1542 probe
1494 1507 1504 1540 3
1528 1506 1590 1538 ¹30

175 1557 272 1595 mira
292 1565 382 1595 sunt
403 1556 476 1594 nisi
498 1555 679 1594 inuitauit
701 1569 785 1594 sese
806 1555 845 1593 in
867 1568 965 1593 cena
986 1556 1219 1605 plusculum.

178 1625 260 1661 ME,
292 1627 356 1661 ai'n
378 1635 487 1668 uero,
507 1622 672 1659 uerbero
690 1623 705 1658 ?
735 1622 831 1658 deos
852 1634 937 1658 esse
958 1620 1013 1658 tui
1035 1620 1171 1658 similis
1192 1623 1336 1670 putas?

86 1694 152 1737 285
175 1701 249 1738 ego
270 1688 335 1738 pol
357 1695 394 1725 te
415 1686 496 1724 istis
518 1685 593 1724 tuis
613 1699 684 1736 pro
705 1684 819 1724 dictis
841 1692 879 1723 et
900 1686 1002 1723 male
1023 1684 1144 1731 factis,
1169 1685 1336 1731 furcifer,

175 1753 366 1804 accipiam
383 1767 392 1800 3
422 1753 543 1791 modo
564 1751 615 1790 sis
636 1751 728 1790 ueni
750 1752 850 1789 huc:
881 1750 1059 1789 inuenies
1080 1750 1349 1789 infortunium.

176 1820 240 1857 So.
273 1818 340 1856 ubi
361 1825 451 1856 sunt
472 1816 534 1855 isti
555 1824 789 1855 scortatores
809 1815 876 1865 qui
898 1815 970 1853 soli
991 1815 1104 1853 inuiti
1126 1816 1302 1854 cubant?
1532 1831 1592 1864 ¹35

175 1885 272 1922 haec
293 1896 371 1921 nox
392 1882 488 1921 scita
508 1890 567 1920 est
588 1881 809 1920 exercendo
831 1888 961 1918 scorto
981 1881 1183 1918 conducto
1204 1882 1316 1925 male.

176 1950 259 1986 ME.
287 1949 389 1986 meu'
404 1955 514 1997 pater
527 1959 633 1984 nunc
650 1959 720 1996 pro
737 1945 852 1983 huius
871 1945 1001 1983 uerbis
1018 1953 1121 1983 recte
1139 1953 1176 1983 et
1193 1946 1388 1996 sapienter
1404 1947 1505 1993 facit,

86 2028 154 2063 290
173 2013 240 2063 qui
274 2014 504 2062 complexus
542 2025 632 2050 cum
668 2012 890 2049 Alcumena
928 2011 1047 2048 cubat
1085 2024 1233 2057 amans,
1270 2012 1403 2049 animo
1443 2026 1507 2062 op-

1325 2090 1504 2127 sequens.

174 2142 240 2179 So.
271 2141 337 2179 ibo
358 2148 399 2178 ut
421 2153 507 2178 erus
528 2140 637 2189 quod
658 2137 865 2188 imperauit
886 2139 1132 2176 Alcumenae
1152 2138 1343 2177 nuntiem.

217 2245 280 2284 265
305 2244 422 2274 ludere
439 2243 578 2283 Langen
597 2244 621 2282 (ί
633 2241 817 2282 Beitraege'
839 2247 889 2280 17‘
1026 2251 1086 2280 271
1114 2242 1141 2272 si
1159 2242 1280 2273 Bothe:
1306 2243 1375 2273 scio
1393 2243 1419 2273 si
1437 2243 1504 2274 cod.

174 2288 234 2328 (iv.
248 2291 286 2326 3)
375 2288 463 2326 quod
475 2286 548 2318 Ital.
569 2298 575 2317 :
599 2286 679 2325 quid
691 2284 755 2316 cod.
849 2295 912 2324 272
939 2285 1190 2315 Nocturninum
1204 2285 1292 2316 codd.
1313 2286 1511 2327 Hieronymi

174 2331 247 2362 adv.
273 2330 490 2372 Vigilantiam
509 2342 540 2369 4,
559 2340 590 2369 p.
609 2330 673 2360 286
831 2339 894 2368 275
919 2329 1033 2367 iugula
1051 2328 1116 2358 cod.
1138 2328 1295 2359 Varronis
1311 2329 1410 2369 Ling.
1432 2330 1504 2360 Lat.

176 2385 204 2414 7,
223 2384 265 2414 50
355 2376 419 2413 276
442 2375 539 2413 signa
555 2374 669 2404 omnia
687 2383 740 2403 ne.
758 2371 893 2402 Nonius
908 2381 968 2411 391
987 2375 1018 2402 et
1032 2382 1109 2410 393,
1128 2371 1284 2403 Donatus
1300 2373 1346 2403 ad
1368 2373 1502 2404 Plzorm.

176 2429 204 2456 5,
228 2429 258 2458 3.
280 2420 301 2448 6
320 2418 479 2458 (ignauia,
499 2418 517 2448 i.
533 2429 558 2448 e.
578 2417 676 2456 signa
693 2421 756 2453 oia,
777 2415 865 2446 codd.
885 2415 1043 2455 Donati),
1065 2415 1151 2446 unde
1162 2416 1208 2455 fit
1222 2427 1333 2447 versus
1349 2417 1506 2448 iambicus

176 2463 240 2492 280
265 2461 362 2503 item]
380 2462 514 2502 quidem
533 2460 669 2500 Seyfflrt
801 2460 862 2498 284
887 2459 936 2489 vel
951 2457 1016 2489 ess‘
