1727 2702
79 107 195 134 paor.
277 70 281 82 ⁸
638 95 684 132 T.
718 94 898 134 MACC1
931 94 1135 133 PLAVTI

217 217 263 242 ea
283 203 506 242 inuenietur
525 211 563 241 et
586 202 729 253 pudica
749 212 787 242 et
808 203 939 249 libera,

217 268 387 319 ingenua
407 267 672 314 Atheniensis,
696 281 825 318 neque
847 268 1058 318 quicquam
1080 266 1201 319 stupri

218 333 332 372 faciet
353 334 530 384 profecto
550 333 589 371 in
611 334 685 371 hac
705 333 867 383 quidem
890 333 1108 373 comoedia.

217 412 308 437 mox
329 400 458 437 hercle
478 412 584 445 uero,
607 406 696 448 post
717 406 952 437 transactam
974 399 1158 444 fabulam,

156 469 197 509 85
215 472 418 514 argentum
441 463 471 501 si
493 463 580 514 quis
602 463 765 511 dederit,
788 471 830 502 ut
853 478 926 514 ego
947 463 1137 515 suspicor,
1561 461 1605 508 83

215 531 316 567 ultro
337 529 407 568 ibit
428 537 608 580 nuptum,
633 543 712 567 non
734 529 909 568 manebit
929 528 1119 580 auspices.

214 601 366 632 tantum
387 603 455 633 est.
516 595 654 641 ualete,
678 595 780 633 bene
801 608 882 633 rem
903 593 1035 644 gerite,
1059 592 1134 646 [et]
1156 592 1302 632 uincite

213 658 356 698 uirtute
377 673 478 707 uera,
502 660 611 710 quod
636 659 780 698 fecistis
801 659 998 698 antidhac.

719 907 957 956 ACTVS
1009 907 1028 954 Ι

133 1023 188 1066 ri
534 1022 797 1061 OLvmmo
908 1021 1203 1060 CHAList

210 1120 283 1158 OL.
317 1120 409 1157 Non
432 1118 527 1157 mihi
549 1118 664 1157 licere
685 1132 813 1157 meam
836 1131 915 1156 rem
938 1131 1001 1156 me
1021 1119 1161 1166 solum,
1184 1125 1226 1156 ut
1246 1119 1349 1161 uolo.

209 1183 315 1233 loqui
336 1192 455 1233 atque
476 1183 647 1233 cogitare
668 1183 752 1222 sine
773 1184 838 1222 ted
859 1182 1037 1221 arbitro?
1554 1197 1602 1231 90

209 1247 303 1297 quid
326 1256 377 1294 tu,
402 1250 560 1296 malum,
586 1262 648 1287 me
665 1250 858 1299 sequere?
914 1250 994 1288 CH.
1024 1247 1117 1298 quia
1136 1255 1285 1286 certum
1307 1254 1365 1286 est
1386 1245 1493 1294 mihi,

207 1313 317 1362 quasi
341 1314 490 1361 umbra,
514 1327 677 1364 quoquo
699 1321 740 1352 tu
762 1313 849 1360 ibis,
871 1320 908 1352 te
929 1326 1083 1362 semper
1103 1312 1214 1362 sequi
1234 1327 1242 1359 3

169 1394 186 1424 5
207 1377 301 1427 quin
323 1379 466 1428 edepol
487 1378 604 1417 etiam
626 1378 657 1417 si
679 1378 718 1416 in
739 1392 895 1417 crucem
918 1378 976 1416 uis
997 1391 1169 1428 pergere,

206 1442 316 1492 sequi
338 1445 588 1482 decretumst.
649 1443 793 1482 dehinc
815 1442 987 1482 conicito
1007 1450 1192 1489 ceterum,

207 1507 383 1557 possisne
405 1521 531 1546 necne
551 1509 651 1546 clam
674 1521 737 1546 me
757 1507 891 1546 sutelis
912 1507 987 1546 tuis
1551 1514 1598 1552 95

207 1572 424 1622 praeripere
446 1572 632 1612 Casinam
655 1586 827 1619 uxorem,
851 1572 1017 1623 proinde
1037 1580 1079 1610 ut
1100 1573 1286 1623 postulas.

208 1637 284 1675 OL.
314 1637 410 1687 quid
432 1637 501 1675 tibi
523 1637 692 1687 negotist
713 1639 900 1676 mecum?
955 1638 1034 1677 CH.
1066 1637 1161 1687 quid
1181 1637 1249 1684 ais,
1272 1636 1497 1687 inpudens?

150 1716 189 1738 10
207 1701 303 1751 quid
325 1702 363 1739 in
386 1702 481 1741 urbe
503 1710 641 1753 reptas,
666 1702 781 1741 uilice
803 1704 880 1741 hau
902 1702 1032 1753 magni
1054 1702 1181 1753 preti?

208 1766 281 1804 Oi„
315 1767 432 1805 lubet.
494 1768 570 1807 CH.
603 1767 699 1817 quin
721 1767 796 1805 ruri
818 1780 859 1806 es
880 1767 918 1805 in
941 1768 1182 1817 praefectura
1202 1767 1296 1804 tua?

205 1831 299 1881 quin
322 1831 451 1882 potius
472 1833 581 1882 quod
602 1834 772 1882 legatum
795 1840 853 1871 est
873 1832 942 1871 tibi
965 1831 1177 1881 negotium,
1555 1841 1620 1868 ιοο

206 1896 244 1934 id
266 1911 376 1935 curas
398 1905 516 1947 atque
538 1898 696 1936 urbanis
718 1898 833 1936 rebus
855 1905 892 1936 te
911 1897 1114 1948 apstines?

207 1962 283 1999 huc
305 1962 399 2000 mihi
421 1962 562 2001 uenisti
584 1976 769 2013 sponsam
792 1971 1037 2013 praereptum
1061 1975 1212 2000 meam:

147 2039 185 2072 ¹5
205 2026 267 2064 abi
290 2029 364 2072 rtis,
387 2027 450 2065 abi
473 2028 667 2066 dierectus
688 2035 794 2065 tuam
818 2027 855 2065 in
878 2027 1132 2077 prouinciam.

205 2092 277 2129 OL.
311 2091 488 2138 Chaline,
513 2105 592 2130 non
614 2105 699 2129 sum
722 2091 866 2129 oblitus
887 2091 1057 2130 officium
1082 2104 1212 2130 meum
1233 2105 1240 2128 :

204 2155 370 2205 praefeci
393 2156 466 2193 ruri
489 2164 592 2194 recte
613 2155 679 2204 qui
701 2164 808 2193 curet
831 2164 972 2193 tamen.
1554 2163 1628 2210 105*

246 2259 284 2296 84
312 2265 481 2290 transacta
500 2259 609 2289 sabula
628 2258 659 2287 l’
748 2259 788 2298 87
814 2264 846 2289 et
864 2270 927 2289 om.
946 2259 977 2288 A
1079 2269 1121 2298 92
1147 2258 1208 2288 ibis
1225 2263 1258 2288 tu
1278 2265 1309 2288 tc
1327 2258 1483 2297 persequi
1503 2257 1535 2287 P

203 2311 245 2342 97
272 2303 386 2341 negoti
405 2313 537 2333 mecum
551 2307 604 2332 est
620 2301 654 2332 P
781 2304 824 2341 98
849 2302 932 2343 hau]
953 2303 1004 2333 hic
1022 2301 1054 2332 P
1187 2312 1244 2333 102
1269 2301 1348 2332 mihi
1363 2312 1429 2333 om.
1450 2300 1483 2331 P
