1727 2702
148 76 217 113 IV.
238 76 267 113 ii
450 78 496 113 T.
530 76 710 115 MACCI
743 76 948 113 PLAVTI
979 75 1355 115 CISTELLARIA

158 199 217 231 105
294 190 366 227 PH.
399 188 469 227 tibi
489 189 730 227 auscultabo.
791 195 881 227 tene
901 195 942 226 tu
963 187 1153 226 cistellam
1174 187 1257 234 tibi,

292 254 480 292 abeamus
501 253 614 291 intro.
673 254 744 292 sed
764 252 860 303 quid
879 251 973 303 (est)
991 265 1138 291 nomen
1160 259 1250 290 tuae

293 318 510 357 dominae?
543 319 623 356 HA.
649 317 852 357 Melaenis.
888 319 962 355 PH.
985 317 996 356 i
1013 331 1115 368 prae,
1134 317 1211 355 iam
1228 330 1302 367 ego
1314 325 1352 355 te
1365 329 1572 367 sequar.—

730 507 992 555 ACTVS
1039 507 1084 553 V

139 614 221 651 V.i
567 613 838 649 DEMlPHo
950 612 1253 649 LAMPAD10

242 701 316 738 DE.
350 699 459 749 Quid
486 701 563 738 hoc
594 699 727 750 negoti
753 707 825 747 est,
849 700 959 750 quod
983 712 1122 738 omnes
1148 698 1330 738 homines
1354 699 1578 737 fabulantur

1407 776 1476 813 per
1495 763 1577 801 uias

241 829 335 867 rnihi
357 843 442 868 esse
462 829 582 868 filiam
605 829 838 868 inuentam?
867 837 904 868 et
926 829 1244 879 Lampadionem
1265 829 1358 866 med
1378 828 1417 866 in
1439 828 1523 866 foro
1596 837 1662 874 775

240 894 482 946 quaesiuisse
501 895 620 933 aiunt.
682 895 751 932 LA.
785 908 859 942 ere,
882 895 990 933 unde
1009 894 1070 932 is?
1130 895 1204 932 DE.
1237 906 1284 932 ex
1303 900 1452 932 senatu.
1503 894 1574 930 LA.

1423 958 1577 1008 gaudeo

241 1027 310 1065 tibi
329 1040 416 1065 mea
432 1040 551 1077 opera
567 1027 778 1066 liberorum
793 1040 878 1066 esse
891 1026 1070 1077 amplius.
1123 1026 1199 1063 DE.
1222 1023 1328 1063 enim
1342 1036 1422 1061 non
1438 1023 1574 1071 placet.

201 1105 219 1136 5
241 1092 295 1130 nil
317 1105 447 1130 moror
465 1091 594 1130 aliena
615 1091 667 1130 mi
688 1104 807 1141 opera
828 1090 909 1129 fieri
930 1090 1050 1140 pluris
1070 1089 1225 1128 liberos.

241 1158 311 1195 sed
331 1157 427 1207 quid
448 1156 548 1195 istuc
568 1158 658 1195 est?
715 1157 785 1194 LA.
818 1169 984 1206 propera
1012 1155 1066 1194 ire
1095 1154 1197 1193 intro
1217 1154 1295 1192 huc
1324 1153 1375 1191 ad
1403 1152 1576 1191 adfinem

1453 1224 1576 1263 tuom,

243 1287 362 1325 filiam
384 1295 491 1325 tuam
513 1287 590 1325 iarn
611 1300 826 1337 cognosces
853 1286 968 1324 intus.
1028 1285 1176 1324 ibidem
1197 1297 1293 1323 uxor
1313 1291 1380 1322 tua
1400 1290 1467 1321 est.
1597 1284 1667 1328 780

241 1352 306 1391 abi
327 1352 416 1390 cito.
479 1353 554 1390 DE.
586 1352 780 1402 pracuorti
797 1353 874 1390 hoc
890 1359 1077 1390 certumst
1090 1352 1205 1389 rebus
1221 1349 1305 1389 aliis
1325 1348 1577 1388 omnibus.—

777 1464 1042 1502 CATERVA

245 1546 308 1584 Ne
328 1544 572 1595 exspectetis,
597 1552 849 1595 spectatores,
872 1545 967 1583 dum
989 1543 1043 1582 illi
1071 1545 1148 1582 huc
1169 1544 1219 1582 ad
1240 1556 1312 1581 uos
1333 1549 1497 1581 exeant:

188 1625 224 1646 10
244 1623 362 1649 nemo
383 1609 514 1657 exibit,
536 1623 675 1648 omnes
695 1609 799 1648 intus
819 1608 1030 1647 conficient
1051 1608 1263 1658 negotium.

245 1675 310 1714 ubi
333 1674 373 1713 id
393 1674 464 1713 erit
485 1676 643 1721 factum,
667 1682 898 1713 ornamenta
919 1681 1093 1724 ponent;
1123 1673 1302 1723 postidea
1322 1672 1398 1711 loci

244 1739 310 1790 qui
332 1738 497 1789 deliquit
520 1738 732 1789 uapulabit,
757 1738 823 1788 qui
846 1751 926 1776 non
948 1737 1112 1787 deliquit
1134 1737 1252 1776 bibet.
1600 1745 1664 1787 785

245 1818 350 1843 nunc
371 1806 478 1855 quod
499 1805 550 1842 ad
571 1817 653 1850 uos,
678 1811 928 1853 spectatores,
951 1802 1137 1841 relicuom
1159 1801 1397 1851 relinquitur,

246 1884 353 1908 more
375 1870 565 1907 maiorum
589 1870 680 1907 (late
703 1870 883 1918 plausum
905 1875 1103 1917 postrema
1123 1867 1162 1904 in
1183 1866 1401 1905 comoedia.

290 1985 352 2013 772
376 1979 426 2004 est
442 1973 517 2005 add.
537 1972 752 2004 Stmlennmd
884 1981 945 2011 775
972 1972 1070 2002 filiani
1091 1971 1169 2000 mihi
1187 1980 1263 2000 csse
1284 1969 1407 2010 Ussing
1528 1969 1577 2010 et]

247 2019 345 2048 ctiam
366 2017 492 2048 Schoell
574 2027 625 2047 me
643 2016 708 2047 cod.
848 2017 909 2055 776
935 2016 1014 2046 undi
1036 2016 1062 2045 is
1079 2014 1155 2043 pm)
1263 2023 1322 2053 777
1348 2013 1437 2043 enim
1455 2012 1578 2045 Bothe:

247 2062 372 2093 etenim
391 2060 455 2091 cod.
594 2070 656 2100 779
680 2060 721 2089 ad
742 2060 840 2090 linem
858 2059 924 2090 cod.
946 2060 1004 2098 (ad
1022 2059 1152 2088 affinem
1167 2057 1212 2098 J)
