1727 2702
195 85 243 123 V.
263 85 293 122 ii
683 87 729 124 T.
764 86 944 126 MACCI
977 87 1181 125 PLAVTI

265 201 442 251 deosque
471 201 526 239 do
556 200 718 239 testis—
775 201 839 239 SE.
872 214 950 251 qua
979 201 1030 239 de
1059 214 1099 240 re
1125 207 1193 239 aut
1219 199 1362 251 quoius
1389 199 1442 239 rei
1469 212 1596 238 rerum

1389 264 1598 304 omnium?

267 333 382 370 ΜΕΝ.
416 345 479 370 me
500 344 629 382 neque
651 331 711 370 isti
734 333 836 370 male
856 330 996 370 fecisse
1016 330 1168 369 mulieri
1189 343 1291 380 quae
1312 343 1376 368 rne
1395 329 1519 380 arguit

266 397 369 435 hanc
385 397 508 435 domo
527 396 578 435 ab
594 409 636 435 se
652 395 896 446 surrupuisse
911 402 1032 445 atque
1047 394 1397 445 apstulisse—MA.
1420 393 1597 433 deierat?

205 461 247 504 65
270 463 384 500 ΜΕΝ.
437 462 469 499 si
516 474 589 511 ego
636 460 736 499 intra
778 460 887 499 aedis
928 460 1058 499 huiius
1102 473 1292 510 umquam
1336 458 1402 498 ubi
1445 458 1596 497 habitat
1615 459 1686 507 81

1177 523 1381 576 penetraui
1403 522 1597 576 (pedem),

266 591 445 630 omniurn
467 591 674 630 hominum
696 598 841 641 exopto
861 599 903 630 ut
925 591 1016 629 fiam
1039 590 1270 629 miserorum
1293 589 1553 628 miserrumus.

265 657 328 695 SE.
362 670 487 695 sanun
510 670 551 695 es
573 656 639 706 qui
661 656 761 695 istuc
777 663 939 706 exoptes
955 663 1022 694 aut
1039 669 1157 706 neges
1174 662 1213 693 te
1229 667 1418 705 umquam
1434 655 1577 705 pedem

264 721 302 760 in
325 735 389 760 eas
409 721 518 760 aedis
539 721 716 760 intulisse
737 721 804 759 ubi
825 720 990 768 habitas,
1014 720 1305 759 insanissume?
1680 747 1686 770 3

268 788 382 825 ΜΕΝ.
416 794 497 834 tun,
521 799 650 834 senex,
673 785 728 824 ais
754 785 930 824 habitare
951 787 1043 824 nied
1064 785 1103 823 in
1125 785 1247 824 illisce
1267 784 1464 824 aedibus?
1615 778 1683 826 82&

207 858 247 893 70
266 852 330 890 SE.
363 858 403 890 tu
432 852 582 901 negas?
641 852 755 888 MEN.
788 864 890 901 nego
911 851 1042 890 hercle
1062 863 1167 889 uero.
1227 851 1291 889 SE.
1323 850 1446 888 imrno
1467 850 1596 888 hercle
1676 841 1683 895 ξ

1297 915 1432 954 inuere
1451 927 1569 965 negas
1587 929 1598 962 ;

264 980 338 1019 nisi
360 994 440 1031 quo
462 988 578 1020 nocte
599 982 674 1020 hac
689 980 921 1031 exmigrasti.
979 979 1058 1033 (tu)
1077 982 1254 1019 concede
1274 981 1363 1028 huc,
1386 980 1477 1019 filia.

264 1047 360 1096 quid
387 1054 428 1084 tu
456 1046 542 1084 ais?
571 1059 666 1084 num
688 1045 780 1084 hinc
801 1045 1072 1096 exmigrastis?
1130 1048 1214 1084 MA.
1246 1045 1365 1096 quern
1395 1045 1434 1084 in
1464 1047 1595 1084 locum

952 1119 1019 1150 aut
1038 1110 1195 1163 (quarn)
1214 1112 1267 1150 ob
1287 1124 1381 1159 rem,
1403 1113 1597 1162 opsecro?

264 1178 328 1216 SE.
374 1190 454 1215 non
487 1178 629 1228 edepol
665 1177 756 1215 scio.
830 1178 914 1215 ΜΑ.
957 1177 1134 1227 profecto
1164 1176 1262 1216 ludit
1295 1185 1333 1216 te
1367 1177 1442 1216 hic.
1514 1190 1594 1216 non

1318 1241 1435 1296 tu[te]
1457 1244 1596 1282 tenes?

264 1308 328 1345 SE.
361 1306 438 1345 iam
468 1320 574 1354 uero,
600 1308 874 1354 Menaechme,
907 1307 990 1346 sati'
1013 1307 1183 1346 iocatu’s.
1245 1321 1352 1346 nunc
1380 1309 1483 1352 hanc
1513 1322 1594 1347 rem
1613 1313 1679 1358 825

1492 1387 1592 1424 gere.

206 1446 244 1482 75
266 1440 380 1477 ΜΕΝ.
425 1452 584 1489 quaeso,
616 1438 712 1489 quid
747 1438 843 1476 mihi
877 1446 1007 1478 tecum
1048 1440 1139 1478 est?
1181 1440 1289 1478 unde
1327 1447 1393 1478 aut
1432 1439 1519 1490 quis
1554 1446 1594 1477 tu

1338 1506 1459 1544 horno
1480 1506 1553 1544 es?
1574 1517 1592 1538 *

263 1569 333 1608 tibi
354 1576 421 1608 aut
441 1569 543 1608 adeo
564 1569 636 1616 isti,
660 1582 762 1619 quae
784 1569 879 1608 mihi
902 1570 1143 1610 molestiaest
1164 1583 1328 1622 quoquo
1349 1571 1500 1609 modo?

264 1636 348 1673 ΜΑ.
380 1634 499 1673 uiden
521 1642 562 1673 tu
583 1634 661 1673 illic
681 1636 818 1677 oculos
840 1635 993 1674 uirere?
1022 1644 1064 1675 ut
1086 1636 1221 1675 uiridis
1242 1636 1412 1676 exoritur
1431 1637 1540 1675 colos

262 1714 308 1739 cx
329 1700 572 1750 temporibus
591 1707 710 1750 atque
731 1701 868 1748 fronte,
893 1708 934 1739 ut
956 1701 1058 1740 oculi
1081 1702 1304 1749 scintillant,
1329 1701 1421 1740 uide
1441 1704 1448 1740 ἱ
1613 1704 1691 1750 829·

305 1805 368 1834 812
393 1804 436 1834 do
454 1808 561 1834 testes
584 1803 763 1835 Gruterus:
788 1805 938 1836 dctestes
959 1805 1026 1837 cod.
1171 1806 1233 1844 814
1260 1805 1453 1836 intercidisse
1471 1804 1598 1845 aliquid

260 1848 444 1888 suspicatur
457 1847 582 1878 Ritschl
680 1848 811 1879 dclurat
829 1849 893 1880 cod.
911 1860 917 1879 :
943 1849 1073 1889 peierat
1089 1848 1215 1880 Scltocll
1383 1850 1446 1880 816
1470 1849 1591 1888 pedem

261 1890 337 1922 add.
355 1890 496 1930 Pylades
627 1893 690 1922 818
714 1903 817 1923 neces
832 1892 897 1924 cod.
1034 1894 1099 1932 819
1124 1893 1239 1923 intulis
1250 1892 1314 1923 cod.
1424 1892 1489 1923 820
1513 1897 1592 1923 tunc

261 1945 368 1966 senex
383 1935 429 1965 ait
443 1934 506 1967 cod.
527 1935 618 1975 (corr.
633 1935 698 1976 3²)
789 1937 847 1967 821
878 1942 936 1967 tun
951 1936 1054 1966 Bothe
1137 1947 1217 1975 neg(
1235 1941 1293 1978 per
1303 1935 1467 1977 compend.
1486 1937 1590 1976 script.

261 1979 326 2019 (vel
340 1979 440 2018 neco)
459 1979 492 2009 in
507 1978 574 2010 cod.
597 1980 725 2020 (neque
737 1978 824 2019 PCD)
916 1980 1029 2010 hercle
1042 1980 1198 2015 (l'ahlcnl
1216 1981 1333 2010 inuerc
1350 1980 1480 2020 scripsi:
1507 1980 1590 2010 hece

262 2022 378 2052 ludere
396 2022 460 2053 cod.
482 2023 558 2063 (pro
575 2023 693 2053 luucrc
710 2035 716 2054 :
743 2024 783 2053 vi.
803 2025 832 2061 1)
897 2029 999 2062 neget
1016 2023 1090 2054 pet>
1108 2026 1203 2063 (2pro
1220 2024 1341 2063 neges)
1439 2023 1503 2053 822
1526 2023 1590 2053 hac

261 2066 432 2105 cmigrasti
450 2065 522 2098 Ital.
541 2078 548 2097 :
573 2067 636 2097 hac
653 2067 804 2106 migrasti
821 2066 886 2098 cod.
910 2068 982 2107 (pro
999 2067 1081 2097 hace
1098 2067 1270 2106 migrasti?
1287 2066 1306 2098 i.
1331 2066 1365 2107 7)
1456 2072 1491 2097 tu
1515 2066 1590 2098 add.

261 2109 388 2140 Scltoell
451 2110 515 2140 huc
535 2110 746 2141 Camerarius
762 2121 768 2139 :
794 2111 855 2141 hac
872 2111 938 2141 cod.
961 2112 994 2152 (a
1007 2116 1069 2152 pro
1086 2121 1105 2140 u
1123 2121 1129 2148 3
1154 2111 1196 2141 vi.
1212 2110 1243 2149 Ι)
1310 2109 1428 2152 (mea)
1446 2110 1465 2142 s.
1485 2110 1589 2140 Fleck-

260 2154 341 2183 essen
488 2155 552 2193 823
575 2154 649 2193 agis
671 2154 736 2184 cod.
755 2156 850 2189 (corr.
873 2155 904 2184 in
922 2154 968 2189 Β)
1066 2153 1262 2193 exmigrasti
1280 2153 1345 2185 cod.
1369 2156 1421 2194 (ex
1435 2164 1464 2184 v.
1485 2153 1566 2193 822)
1582 2165 1589 2184 :

261 2207 338 2228 corr.
355 2197 528 2227 Acidalius
596 2208 695 2236 quam
708 2197 783 2229 add.
799 2197 981 2228 Beroaldus
1069 2198 1131 2236 824
1151 2202 1185 2228 tu
1199 2197 1339 2228 Mueller
1422 2198 1485 2236 825
1503 2197 1589 2228 loca-

261 2245 316 2271 tus
343 2251 431 2271 nunc
456 2251 493 2271 ac
513 2241 616 2282 (hanc
634 2241 699 2280 82)
718 2252 787 2272 rem
805 2252 907 2280 agere
921 2241 983 2271 cod.
1000 2252 1006 2272 ε
1032 2251 1109 2272 corr.
1129 2241 1268 2282 Spengel
1406 2241 1471 2271 826
1487 2239 1588 2282 (quid

261 2283 391 2326 debeo>
404 2285 469 2314 Leo
579 2285 641 2323 827
662 2284 711 2315 vel
723 2285 796 2315 istic
886 2296 915 2324 q.
934 2285 989 2315 mi.
1003 2285 1143 2315 molesta
1159 2289 1209 2315 est
1226 2284 1290 2315 cod.
1310 2296 1317 2315 z
1341 2295 1418 2315 corr.
1439 2283 1589 2316 Schoell:

262 2329 402 2359 molesta
427 2339 457 2367 q.
478 2328 532 2358 mi.
555 2335 605 2359 cst
627 2327 748 2359 Vahlen
860 2329 924 2358 828
949 2328 1060 2359 iurcre
1079 2330 1156 2370 (pro
1172 2328 1320 2368 lurerffl)
1342 2327 1415 2359 ΡΠ)
