1727 2702
144 123 223 162 1.ss
612 128 657 165 T.
692 129 869 169 MACCI
903 130 1106 169 PLAVTI

196 236 429 285 quantillum
450 237 597 287 argenti
619 238 671 276 mi
691 240 797 288 apud
819 239 1041 289 tarpezitam
1062 240 1145 280 siet.

135 306 176 346 85
194 302 246 341 ad
266 303 432 350 fratrem,
455 317 536 353 quo
555 303 609 343 ire
628 304 814 353 dixeram,
836 319 927 345 mox
947 305 1123 346 inem.—

671 550 930 599 ACTVS
983 551 1039 599 11

85 660 175 700 lLi
470 659 716 696 LORAR11
935 659 1243 697 TVNDARVS

658 725 1059 763 PH1LOCRATES

194 823 264 860 Lo.
298 821 338 860 Si
371 821 413 861 di
447 821 674 861 inmortales
713 822 752 861 id
787 823 1006 868 uoluerunt,
1044 835 1116 861 uos
1150 823 1253 862 hanc
1290 836 1519 864 aerumnam
1543 836 1604 875 195

1347 888 1518 938 exsequi,

191 953 306 992 decet
327 953 366 993 id
388 953 468 1004 pati
488 953 624 993 animo
644 967 796 1004 aequo:
827 953 859 992 si
879 952 920 993 id
940 952 1100 1000 facietis,
1124 952 1247 992 leuior
1268 953 1380 992 labos
1399 953 1480 992 erit.

299 1018 408 1058 domi
429 1019 565 1065 fuistis,
589 1020 719 1066 credo,
742 1018 853 1058 liberi
872 1034 879 1058 :

192 1097 297 1123 nune
317 1083 482 1123 seruitus
503 1085 534 1123 si
555 1084 698 1132 euenit,
721 1084 756 1123 ei
778 1098 849 1123 uos
870 1083 1093 1135 morigerari
1114 1097 1200 1123 mos
1221 1084 1366 1123 bonust

151 1163 169 1194 5
189 1156 228 1187 et
247 1148 329 1187 erili
350 1149 514 1200 imperio
534 1163 702 1200 eamque
722 1149 888 1200 ingeniis
908 1149 1048 1188 uostris
1068 1151 1196 1188 lenem
1217 1149 1390 1188 reddere.

190 1212 352 1265 indigna
389 1213 509 1265 digna
547 1214 732 1254 habenda
772 1221 872 1262 sunt,
915 1227 1003 1253 erus
1036 1227 1137 1264 quae
1171 1213 1272 1252 facit.
1333 1214 1404 1253 CA.
1441 1213 1518 1252 oh!
1539 1223 1609 1248 200

1331 1279 1382 1316 oh
1403 1281 1409 1316 !
1439 1279 1491 1317 oh
1512 1280 1520 1316 !

247 1344 317 1382 Lo.
348 1343 560 1383 eiulatione
587 1345 694 1384 haud
723 1358 823 1395 opus
852 1351 921 1392 est,
945 1341 1101 1397 [multa]
1123 1342 1247 1382 oculis
1276 1344 1399 1382 multa
1426 1342 1523 1381 mira

1347 1406 1494 1447 †clitis†
1513 1421 1521 1446 ε

299 1473 338 1513 in
359 1489 398 1514 re
420 1476 521 1514 mala
540 1475 674 1514 animo
693 1475 725 1514 si
745 1475 854 1514 bono
874 1482 993 1521 utare,
1015 1473 1185 1512 adiuuat.

246 1538 321 1577 Tv.
342 1545 382 1576 at
402 1550 475 1576 nos
494 1537 629 1587 pudet,
647 1536 740 1588 quia
759 1550 850 1576 cum
870 1536 1019 1576 catenis
1040 1550 1188 1576 sumus.
1246 1538 1317 1576 Lo.
1332 1544 1372 1576 at
1393 1537 1521 1587 pigeat

1382 1610 1521 1652 postea

134 1684 173 1707 10
408 1675 583 1706 nostrum
605 1681 725 1714 erum,
747 1667 779 1705 si
801 1680 871 1706 uos
893 1666 1036 1706 eximat
1058 1666 1210 1715 uinclis,

405 1740 473 1771 aut
493 1734 641 1771 solutos
662 1732 762 1771 sinat
783 1745 882 1782 quos
899 1740 1060 1782 argento
1081 1731 1227 1770 emerit.
1538 1743 1603 1779 205

296 1799 368 1836 Τγ.
401 1797 496 1848 quid
517 1810 540 1835 a
560 1797 674 1836 nobis
695 1797 862 1836 metuit?
891 1796 1028 1836 scimu'
1048 1810 1120 1836 nos

405 1869 580 1901 nostrum
602 1862 774 1901 officium
796 1863 905 1913 quod
927 1870 996 1909 est,
1019 1862 1050 1900 si
1071 1864 1221 1902 solutos
1241 1862 1352 1901 sinat.
1537 1863 1627 1900 206·

406 1929 476 1965 Lo.
508 1934 547 1965 at
568 1928 698 1978 fugam
721 1927 864 1977 fingitis
884 1943 891 1966 :
922 1927 1048 1966 sentio
1069 1941 1187 1978 quam
1210 1941 1290 1966 rem
1310 1926 1432 1977 agitis.

134 2003 170 2035 15
192 1994 360 2031 PmLoc.
398 2005 470 2031 nos
502 1991 727 2042 fugiamus?
766 2006 846 2043 quo
881 1992 1104 2043 fugiamus?
1161 1994 1230 2030 Lo.
1268 1991 1306 2030 in
1340 1990 1516 2042 patriam.

728 2059 899 2097 PfflLoc.
930 2071 1067 2108 apage,
1087 2058 1164 2095 hau
1186 2070 1257 2095 nos
1279 2056 1317 2095 id
1338 2057 1490 2102 deceat,

189 2122 373 2173 fugitiuos
403 2122 553 2161 imitari.
625 2124 695 2161 Lo.
727 2121 850 2161 immo
883 2123 1037 2173 edepol,
1069 2121 1100 2159 si
1138 2120 1209 2160 erit
1242 2120 1410 2167 occasio,
1439 2121 1515 2158 hau

1317 2186 1513 2224 dehortor.

236 2301 297 2332 199
320 2302 460 2331 eamque
484 2297 518 2322 et
542 2291 615 2323 erili
639 2292 780 2332 imperio
803 2290 868 2322 cod.
888 2303 893 2322 :
919 2302 996 2323 corr.
1024 2289 1197 2330 Nettleshn’p
1357 2299 1415 2320 201
1433 2289 1514 2329 sort.

189 2336 292 2366 multa
309 2347 358 2367 oc.
381 2336 478 2376 (abl.)
499 2336 580 2366 muti
661 2335 741 2375 sort.
760 2335 836 2366 aitis
849 2335 901 2376 (cf
921 2346 950 2366 v.
971 2335 1027 2375 72)
1132 2345 1195 2373 204
1220 2333 1247 2364 si
1266 2343 1344 2364 suos
1361 2357 1368 2364 .
1388 2357 1395 2364 .
1417 2357 1425 2365 .
1443 2333 1514 2363 uin-

189 2379 272 2409 culis
297 2380 358 2411 (ita
379 2378 465 2415 cod.)
483 2379 630 2418 Spengel,
646 2383 682 2410 u!
699 2382 822 2410 tetram.
843 2379 1015 2417 crem-fiat
1095 2387 1158 2417 205
1183 2378 1271 2407 sinat
1289 2377 1361 2407 Ital.
1382 2388 1387 2407 ι
1412 2377 1514 2406 sinat-

190 2422 288 2463 [que]
306 2422 369 2453 cod.
391 2424 451 2462 (iv,
471 2432 503 2460 5.
521 2433 551 2462 p.
569 2424 626 2461 61)
761 2432 822 2461 207
847 2423 919 2461 agis
935 2421 1124 2458 Hermann,
1146 2425 1181 2451 ut
1196 2424 1322 2451 tctram.
1343 2420 1516 2458 cr‹·t1'c.fiat
