1727 2702
101 107 221 145 11.1v
592 106 639 144 T.
673 103 853 146 MACCI
886 104 1090 143 PLAVTI

108 260 155 298 iv
456 263 772 301 STROBILVS
936 262 1216 300 ANTHRAx

708 327 971 366 CONonio

174 415 266 453 STR.
301 416 516 466 Postquam
537 413 749 465 opsonauit
769 427 857 453 erus
877 421 915 452 et
936 412 1125 452 conduxit
1146 425 1297 465 coquos
1524 419 1594 454 280

173 479 434 530 tibicinasque
454 481 572 518 hasce
591 480 699 530 apud
719 480 858 526 forum,
880 478 1001 517 edixit
1022 478 1118 517 mihi

173 552 215 583 ut
235 544 480 596 dispertirem
501 543 714 595 opsonium
735 543 799 582 hic
820 542 1008 582 bifariam.

173 612 250 648 AN.
284 610 512 661 mequidem
532 610 674 656 hercle,
697 608 827 648 dicam
846 607 1095 660 <pro)palam,
1119 621 1199 647 non
1220 608 1375 649 diuides
1390 624 1400 657 3

135 692 152 724 5
173 675 203 714 si
225 689 305 726 quo
326 684 367 714 tu
388 683 514 714 totum
537 688 600 714 me
621 674 675 713 ire
695 673 765 721 uis,
787 686 947 724 operam
969 674 1084 712 dabo.

174 742 247 780 CO.
281 741 426 780 bellum
448 748 486 780 et
507 740 696 791 pudicum
717 752 812 778 uero
832 738 1093 790 prostibulum
1114 739 1232 789 popli.
1524 742 1590 787 285

174 813 262 856 post
283 805 313 844 si
335 805 424 856 quis
445 806 573 852 uellet,
597 812 635 843 te
656 806 733 843 hau
754 817 835 843 non
856 804 977 842 uelles
997 803 1134 842 diuidi.

174 871 267 910 S‘rR.
299 878 418 921 atque
437 883 511 920 ego
532 870 642 916 istuc,
666 870 855 916 Anthrax,
876 868 1116 907 aliouorsum
1137 868 1322 916 dixeram,

174 948 256 974 non
279 935 379 974 istuc
399 936 508 985 quod
529 942 571 973 tu
592 934 805 973 insimulas.
865 935 935 972 sed
955 946 1044 972 erus
1065 933 1221 984 nuptias

117 1016 156 1040 10
175 1015 286 1040 meus
308 1001 426 1040 bodie
447 1000 571 1040 faciet.
631 1002 708 1038 AN.
741 999 898 1050 quoiius
918 998 1027 1038 ducit
1048 999 1198 1037 filiam?

175 1069 267 1106 STR.
301 1066 418 1105 uicini
441 1066 556 1104 buius
579 1065 781 1104 Euclionis
800 1063 930 1116 (hinc)
947 1077 969 1103 e
989 1077 1192 1114 proxumo.
1525 1076 1594 1111 290

175 1132 209 1170 ei
230 1133 332 1171 adeo
352 1131 493 1182 opsoni
515 1130 607 1169 hinc
628 1129 738 1168 iussit
758 1128 968 1168 dimidium
989 1129 1085 1176 dari,

174 1211 346 1248 coquom
367 1199 532 1235 alterum
554 1195 772 1245 itidemque
791 1196 952 1233 alteram
974 1194 1188 1233 tibicinam.

174 1264 253 1301 ΑΝ.
286 1275 430 1312 nempe
451 1263 528 1300 buc
549 1260 758 1300 dimidium
779 1260 888 1307 dicis,
911 1260 1120 1299 dimidium
1142 1262 1331 1299 domum?

118 1341 155 1373 ¹5
176 1329 269 1366 Sfra.
312 1329 442 1377 nemp'
485 1326 584 1365 sicut
626 1325 736 1364 dicis.
823 1327 901 1364 AN.
946 1325 1072 1376 quid?
1124 1325 1187 1364 hic
1231 1339 1310 1364 non
1353 1332 1505 1376 poterat

1361 1392 1412 1430 de
1433 1404 1506 1430 suo

175 1470 293 1495 senex
314 1456 497 1507 opsonari
519 1455 610 1494 filiai
631 1455 808 1506 nuptiis?
1524 1466 1590 1504 295

176 1525 269 1561 STR.
315 1523 415 1560 uah!
491 1523 568 1559 AN.
618 1521 715 1571 quid
754 1520 953 1571 negotist?
1022 1521 1114 1560 STR.
1155 1520 1252 1572 quid
1290 1522 1422 1572 negoti
1457 1522 1505 1561 sit

1372 1588 1507 1638 rogas?

176 1665 319 1702 pumex
340 1665 420 1689 non
441 1664 567 1701 aeque
587 1658 645 1689 est
665 1652 783 1690 ardus
803 1658 922 1701 atque
942 1650 1006 1689 hic
1026 1658 1084 1689 est
1104 1664 1233 1690 senex.

176 1719 280 1755 ANT.
316 1717 381 1754 ain
411 1717 602 1754 tandem?
659 1717 730 1755 Co.
764 1716 816 1755 ita
845 1729 931 1755 esse
961 1724 1002 1754 ut
1031 1716 1153 1755 dicis!
1211 1718 1303 1755 STR.
1336 1725 1418 1756 tute
1445 1732 1506 1756 ex-

1339 1783 1481 1821 istuma
1498 1798 1505 1820 z

341 1847 357 1866 *
542 1848 556 1866 *
741 1847 756 1865 *
787 1845 1033 1899 (existumat)

118 1928 158 1950 20
177 1925 286 1950 suam
309 1925 388 1950 rem
411 1911 571 1962 periisse
591 1924 713 1962 seque
732 1912 973 1951 cradicarier.

177 1977 271 2028 quin
293 1977 428 2016 diuom
450 1985 569 2027 atque
590 1976 796 2015 hominum
818 1979 960 2015 clamat
981 1977 1172 2017 continuo
1192 1979 1323 2024 fidem,
1525 1989 1594 2024 300

220 2081 282 2110 282
307 2080 483 2120 opsonium
518 2083 626 2110 tuetur
652 2079 809 2110 Kakridss
837 2078 957 2120 (W'rn.
987 2079 1084 2112 stud.
1118 2091 1170 2120 23,
1208 2082 1305 2121 174l:
1332 2081 1413 2120 sort.
1444 2082 1506 2113 hos

177 2125 287 2154 omnis
317 2124 387 2154 rvii.
415 2133 445 2162 5,
475 2133 506 2163 p.
534 2125 593 2162 99)
735 2124 799 2162 283
824 2124 996 2163 propalam
1023 2123 1150 2155 Bothe:
1188 2124 1290 2167 (tibi)
1322 2135 1352 2164 p.
1387 2125 1511 2165 Ussing

178 2169 241 2197 286
267 2168 325 2197 1’01
345 2169 371 2197 si
391 2167 474 2197 Brix
521 2167 672 2197 neuclles
691 2166 813 2197 Goeller
883 2168 947 2198 288
962 2167 1041 2205 sort.
1066 2169 1130 2199 isto
1148 2168 1236 2208 (-oc)
1253 2179 1320 2208 quo
1339 2178 1420 2208 <quo
1437 2169 1506 2199 iam

178 2211 292 2241 Bothe}
384 2221 448 2248 290
481 2210 558 2240 hinc
582 2210 659 2241 add.
687 2209 823 2248 Pylades
955 2221 1014 2250 29¹
1045 2211 1098 2242 hic
1123 2211 1189 2243 cod.
1219 2212 1312 2242 Gellii
1332 2221 1362 2249 3,
1394 2222 1439 2251 ¹4,
1470 2221 1505 2251 15

180 2255 273 2284 iussit
293 2255 463 2284 dimidium
478 2252 566 2284 codd.
589 2252 1110 2295 Gellii(faventealla·tte1·ati‹me):
1136 2255 1308 2286 dimidium
1328 2257 1422 2286 iussit
1438 2255 1503 2286 cod.

179 2308 241 2335 ²03
267 2299 329 2327 huc
349 2297 499 2328 Guietus:
527 2297 604 2327 huic
621 2295 685 2328 cod.
791 2297 925 2328 domum
944 2297 1117 2328 Acidalius
1133 2310 1138 2329 :
1165 2299 1252 2330 domi
1270 2299 1334 2330 cml.
1442 2308 1505 2337 205

180 2341 266 2371 filiae
297 2341 328 2370 in
353 2341 477 2380 nuptiis
505 2339 568 2371 cod.
598 2340 634 2380 (i.
656 2341 713 2378 7):
737 2351 815 2371 corr.
847 2340 994 2381 Scaliger
1131 2343 1210 2381 298¹
1233 2342 1390 2372 laciniam
1416 2343 1500 2382 sign.

179 2383 285 2415 Have!
371 2384 550 2414 existumat
567 2382 682 2413 addidi
695 2383 756 2423 (iii.
773 2386 824 2425 ιι)
840 2394 846 2413 :
872 2394 945 2423 299,
965 2394 1030 2423 300
1046 2385 1156 2416 ordim-
1172 2387 1297 2416 inverso
1312 2386 1507 2416 Guliclnu'us
