1727 2702
187 107 233 144 V.
255 107 284 145 ii
664 111 710 148 T.
745 110 924 150 MACCI
957 111 1159 150 PLAVTI

217 227 235 259 5
256 216 486 256 lassitudine
507 217 735 257 inuaserunt
756 219 899 258 misero
919 219 958 258 in
979 233 1108 270 genua
1127 220 1296 260 flemina.
1601 224 1703 269 676.

258 283 326 320 PE.
349 290 446 333 quot
466 282 544 321 illic
564 284 686 322 homo
707 283 827 322 hodie
843 297 906 322 me
927 284 1114 334 exemplis
1135 285 1376 324 ludificatust
1395 293 1514 336 atque
1533 292 1582 332 te,
1672 288 1674 291 “

254 353 298 385 ut
317 346 395 386 illic
414 354 546 386 autem
568 348 809 386 exenterauit
829 348 926 386 mihi
947 361 1043 399 opes
1063 349 1298 399 argentarias
1315 353 1321 388 !

255 412 327 450 ΑΡ.
350 425 473 463 apage
493 411 602 451 illum
622 425 646 451 a
667 426 730 451 me
747 415 753 450 !
775 425 867 451 narn
883 412 947 451 ille
963 413 1125 464 quidem
1139 414 1305 452 Volcani
1322 414 1443 452 iratist
1459 414 1584 453 filius:

256 489 414 527 quaqua
433 476 565 528 tangit,
588 489 708 516 omne
727 477 911 524 amburit,
932 477 963 516 si
983 485 1098 525 astes,
1119 485 1230 516 aestu
1251 478 1438 518 calefacit.

196 557 236 582 ιο
257 542 326 580 ΕΡ.
349 541 561 581 duodecim
578 542 639 581 dis
659 543 746 593 plus
766 556 886 593 quam
907 542 946 580 in
968 544 1077 581 caelo
1097 544 1299 582 deorumst
1318 543 1583 582 inmortalium
1602 549 1682 594 675

257 605 353 644 mihi
373 620 480 645 nunc
499 606 644 645 auxilio
663 606 862 646 adiutores
883 615 974 646 sunt
995 615 1032 646 et
1054 620 1210 646 mecum
1232 607 1409 646 militant.
1677 604 1694 664 ξ’]

255 671 450 722 quidquid
470 685 544 722 ego
564 673 665 711 male
686 672 772 719 feci,
793 672 936 710 auxilia
956 671 1010 710 mi
1031 680 1069 710 et
1090 672 1294 722 suppetiae
1314 681 1403 711 sunt
1423 673 1544 720 domi,
1679 665 1682 669 Δ

253 736 471 787 apolactizo
486 737 667 776 inimicos
683 737 822 776 omnis.
875 739 943 775 PE.
967 736 1034 775 ubi
1051 737 1160 775 illum
1177 749 1361 787 quaeram
1377 737 1583 787 gentium?

253 803 324 840 ΑΡ.
357 803 453 840 dum
484 802 568 841 sine
599 815 661 841 me
690 815 866 852 quaeras,
889 815 1052 852 quaeras
1082 815 1170 840 mea
1195 804 1333 840 caussa
1359 803 1422 841 uel
1449 802 1582 842 medio

1411 867 1450 905 in
1472 867 1577 906 mari.
1674 912 1680 924 ι

196 946 231 978 ¹5
255 933 324 970 ΕΡ.
356 932 451 982 quid
473 945 536 971 me
563 932 746 982 quaeris?
774 932 870 982 quid
900 932 1083 970 laboras?
1111 932 1207 982 quid
1234 932 1340 970 hunc
1367 932 1582 971 sollicitas?
1598 931 1681 977 680⁴„

1390 1009 1482 1034 ecce
1503 1009 1576 1034 me.

252 1075 347 1100 num
368 1070 406 1101 te
426 1062 517 1112 fugi,
533 1075 628 1100 num
644 1062 695 1100 ab
711 1063 834 1101 domo
853 1075 1005 1112 apsum,
1024 1074 1118 1099 num
1140 1061 1264 1100 oculis
1279 1061 1457 1100 concessi
1473 1061 1580 1100 tuis?

766 1136 785 1158 *
898 1141 915 1160 *

250 1205 323 1230 nec
344 1192 414 1230 tibi
435 1177 624 1243 supplico.
684 1191 834 1230 uincire
854 1192 944 1230 uis?
971 1205 1047 1239 em,
1069 1193 1239 1230 ostendo
1258 1204 1422 1239 manus;
1669 1208 1672 1229 ι

249 1259 290 1295 tu
312 1256 434 1296 habes
449 1258 544 1303 lora,
557 1270 631 1308 ego
650 1264 689 1294 te
705 1270 834 1295 emere
855 1256 936 1294 uidi
954 1271 960 1294 :
991 1255 1087 1306 quid
1104 1269 1209 1294 nunc
1224 1257 1384 1295 cessas?
1412 1257 1575 1308 conliga.

251 1322 318 1359 PE.
342 1321 469 1360 ilicet!
500 1321 772 1360 uadimonium
790 1323 891 1359 ultro
912 1320 1006 1359 mihi
1029 1320 1092 1359 hic
1113 1320 1214 1359 facit.
1279 1320 1348 1359 ΕΡ.
1371 1321 1467 1371 quin
1487 1334 1577 1360 con·
1595 1323 1660 1369 685
1683 1321 1689 1326 “

1455 1384 1549 1437 ligas
1562 1388 1578 1424 ?

188 1466 231 1490 ao
249 1453 321 1490 ΑΡ.
354 1453 497 1501 edepol
522 1451 777 1501 mancupium
805 1453 1037 1489 scelestum!
1080 1452 1148 1489 ΕΡ.
1182 1459 1219 1489 te
1240 1452 1429 1501 profecto,
1450 1453 1578 1502 Apoe-

1400 1515 1575 1563 eides,—

245 1581 301 1620 nil
322 1594 451 1620 moror
472 1581 566 1619 mihi
587 1581 797 1631 deprecari.
857 1582 929 1618 ΑΡ.
962 1580 1075 1618 facile
1095 1592 1241 1627 exoras,
1266 1580 1441 1630 Epidice.

247 1647 316 1685 ΕΡ.
349 1646 493 1697 ecquid
521 1646 632 1696 agis?
701 1647 768 1684 PE.
801 1653 898 1684 tuon
932 1645 1148 1684 arbitratu?
1217 1646 1285 1683 ΕΡ.
1320 1658 1409 1684 meo
1444 1646 1573 1684 hercle

1155 1723 1248 1748 uero
1268 1717 1387 1760 atque
1407 1711 1484 1749 hau
1504 1717 1574 1748 tuo

243 1777 502 1828 conligandae
529 1777 626 1814 haec
651 1784 740 1813 sunt
768 1775 837 1813 tibi
869 1775 997 1813 hodie.
1064 1776 1130 1812 PE.
1163 1781 1200 1812 at
1231 1788 1311 1812 non
1341 1775 1459 1821 lubet,
1492 1787 1572 1814 non

1402 1839 1571 1890 conligo.

242 1909 314 1945 ΑΡ.
347 1908 536 1957 tragulam
567 1906 605 1944 in
637 1914 674 1943 te
706 1905 847 1944 inicere
881 1906 1056 1951 adornat,
1094 1904 1348 1955 nescioquam
1385 1904 1570 1944 fabricam
1589 1907 1659 1954 690

1468 1970 1568 2009 facit.

285 2077 349 2115 670
374 2075 604 2106 lassitudinem
634 2075 666 2105 Ρ
794 2076 853 2113 671
882 2074 973 2112 quod
1003 2073 1067 2104 illic
1099 2074 1230 2104 ‹lionilo
1256 2073 1315 2103 A:
1350 2073 1439 2113 quod
1469 2073 1515 2104 illi
1542 2073 1575 2103 Ρ

240 2121 303 2159 ⁶7⁴
329 2120 355 2149 si
392 2119 549 2159 propius]
578 2122 682 2149 astest
709 2118 740 2148 Ρ
781 2118 822 2148 iv.
859 2119 888 2149 ιδ
1021 2117 1085 2156 679
1109 2126 1254 2156 quaeras
1278 2117 1375 2146 semel
1397 2115 1430 2146 Ρ
1514 2117 1568 2148 uel

240 2174 306 2193 om.
326 2162 357 2192 A
504 2162 612 2200 680-3
633 2166 738 2201 pauca
763 2161 918 2201 leguntur
939 2161 971 2190 in
996 2161 1028 2191 A
1170 2161 1233 2190 682
1257 2169 1321 2191 om.
1350 2159 1399 2191 P:
1439 2160 1569 2201 veshssm'a

241 2210 373 2236 tantum
386 2211 457 2246 app.
478 2206 511 2235 in
530 2205 574 2240 A.
598 2205 684 2235 unde
700 2214 760 2235 nec
778 2205 857 2234 mihi
877 2204 1002 2243 gratu's
1019 2213 1130 2242 neque
1145 2204 1280 2234 odiosus
1293 2213 1401 2243 neque
1415 2203 1568 2234 timorem

241 2250 284 2280 mi
302 2249 444 2280 exhibes
461 2247 527 2279 Leo
667 2248 728 2286 684
755 2247 833 2286 ego]
858 2249 930 2277 (ea
952 2247 984 2277 A
1119 2248 1183 2285 685
1209 2246 1285 2277 facit
1304 2246 1406 2278 Pius·
1432 2246 1512 2277 sacis
1529 2246 1566 2283 Ρ,

241 2293 303 2323 A
295 2292 366 2324 ι.1.
458 2292 538 2331 quid
565 2291 596 2321 Ρ
709 2291 771 2330 687
798 2289 988 2330 deprecari]
1013 2291 1137 2329 deprae
1162 2289 1195 2319 Ρ
1323 2290 1386 2320 688
1411 2289 1515 2321 uerbo
1540 2289 1573 2320 Ρ

240 2336 305 2374 689
324 2340 396 2376 post
426 2336 513 2366 lmnr
542 2346 671 2365 zet-sum
706 2335 769 2373 692
805 2345 864 2364 suo
895 2334 959 2364 Ιοοο
993 2333 1174 2364 redeuntem
1208 2333 1335 2373 praebet
1363 2332 1396 2363 Ρ
1426 2337 1571 2374 (propter

242 2379 423 2414 homoeotcl
443 2379 552 2422 collig-
575 2378 807 2420 antr‘crpatum;
833 2378 864 2410 ii.
884 2378 919 2414 6)
1051 2378 1118 2417 690
1141 2375 1270 2416 tragula
1287 2375 1321 2407 Ρ
1407 2376 1534 2409 secitP
