1727 2712
663 117 1011 156 AMPHITRVO
1460 120 1490 158 Ι.
1512 134 1528 157 1

163 235 231 272 So.
260 232 338 280 hic,
372 231 547 282 inquam,
584 229 721 268 habito
758 242 832 279 ego
869 237 989 279 atque
1028 231 1180 269 horunc
1219 245 1353 270 seruos
1392 246 1490 270 sum.

961 297 1045 332 ΜΕ.
1075 296 1114 332 at
1134 295 1216 333 scin
1239 310 1319 345 quo
1340 298 1462 335 modo
1477 299 1494 334 ?

162 361 303 400 faciam
332 375 406 411 ego
436 360 556 399 hodie
585 368 624 399 te
653 360 881 410 superbum,
918 358 994 397 nisi
1024 359 1117 398 hinc
1145 359 1242 398 abis.
1302 362 1366 398 So.
1399 374 1494 410 quo·
1515 379 1575 410 205

1225 438 1316 463 narn
1338 426 1461 463 modo
1477 426 1494 463 ?

162 493 246 529 ΜΕ.
278 493 462 537 auferere,
486 504 567 528 non
587 489 726 535 abibis,
750 491 782 527 si'
802 502 876 538 ego
896 490 1040 527 fustem
1062 503 1278 539 sumpsero.

160 558 225 594 So.
257 556 353 606 quin
375 570 438 594 me
458 570 543 594 esse
564 554 694 593 huiius
715 554 875 592 familiai
897 553 1127 592 familiarem
1148 554 1345 604 praedico.

72 623 141 667 360
160 622 243 659 ME.
276 621 368 660 uide
396 621 447 658 sis
477 634 596 670 quam
628 633 720 658 mox
753 621 939 669 uapulare
973 618 1043 665 uis,
1078 619 1152 657 nisi
1191 628 1367 658 actutum
1398 621 1492 659 hinc

1394 686 1488 724 abis.

102 780 105 781 γ
159 753 226 790 So.
259 760 327 789 tun
349 753 471 790 domo
492 750 700 801 prohibere
721 763 880 801 peregre
903 763 966 788 me
986 749 1267 788 aduenientem
1288 752 1493 800 postulas?

161 817 244 854 ME.
283 816 446 855 haecine
486 824 552 855 tua
591 817 784 855 domust?
849 817 914 854 SO.
951 814 1005 853 ita
1043 815 1217 866 inquam.
1288 818 1372 854 ΜΕ.
1405 815 1492 866 quis
1514 831 1576 852 210

1065 895 1153 919 erus
1175 889 1233 919 est
1253 880 1368 931 igitur
1389 881 1493 920 tibi?

159 948 224 986 So.
257 947 506 998 Amphitruo,
530 946 598 997 qui
619 960 725 985 nunc
745 947 984 997 praefectust
1004 946 1209 984 Thebanis
1230 946 1463 996 legionibus,

158 1012 320 1062 quicum
347 1020 471 1063 nupta
497 1020 555 1052 est
579 1014 811 1050 Alcumena.
873 1014 956 1050 ΜΕ.
990 1011 1086 1062 quid
1107 1011 1193 1050 ais?
1222 1011 1319 1061 quid
1343 1026 1490 1051 nomen

1310 1077 1382 1117 tibi
1402 1086 1460 1117 est
1476 1080 1493 1116 ?

69 1144 134 1188 365
157 1144 221 1181 So.
255 1142 407 1181 Sosiam
429 1150 574 1181 uocant
595 1142 788 1189 Thebani,
815 1144 932 1180 Dauo
952 1149 1186 1193 prognatum
1209 1150 1328 1193 patre.

159 1208 242 1244 ΜΕ.
275 1221 325 1245 ne
346 1215 387 1245 tu
409 1207 495 1245 istic
515 1207 636 1246 hodie
657 1209 762 1246 malo
782 1214 851 1245 tuo
872 1207 1102 1257 compositis
1123 1207 1341 1247 mendaciis

155 1272 362 1319 aduenisti,
385 1273 564 1311 audaciai
585 1274 781 1319 columen,
805 1272 980 1311 consutis
1000 1273 1113 1312 dolis.
1514 1284 1574 1315 ²15

156 1339 220 1375 SO.
253 1337 377 1377 immo
397 1338 584 1389 equidem
606 1338 749 1377 tunicis
771 1339 946 1377 consutis
967 1340 1046 1377 huc
1066 1340 1250 1386 aduenio,
1274 1354 1354 1380 non
1376 1340 1488 1380 dolis.

157 1404 239 1441 ΜΕ.
272 1410 311 1441 at
332 1403 507 1442 mentiris
528 1403 670 1442 etiam:
702 1412 808 1442 certo
829 1404 1009 1454 pedibus,
1033 1418 1114 1443 non
1136 1405 1278 1444 tunicis
1299 1406 1421 1444 uenis.

67 1480 138 1515 370
155 1469 220 1506 SO.
252 1467 305 1506 ita
349 1470 536 1519 profecto.
612 1470 695 1506 ΜΕ.
728 1482 834 1507 nunc
883 1470 1060 1519 profecto
1099 1472 1244 1520 uapula
1289 1471 1343 1509 ob
1386 1485 1492 1509 men-

1317 1535 1486 1574 dacium.

155 1599 220 1636 So.
253 1611 335 1637 non
365 1600 508 1649 edepol
541 1600 634 1638 uolo
669 1601 856 1649 profecto.
930 1601 1012 1638 ΜΕ.
1045 1608 1085 1638 at
1119 1601 1186 1650 pol
1222 1602 1398 1650 profecto
1437 1601 1491 1639 in-

1345 1666 1486 1717 gratiis.

155 1728 232 1766 hoc
252 1728 413 1778 quidem
439 1733 447 1749 ‘
462 1731 638 1778 profecto
652 1731 660 1747 ’
681 1738 831 1768 certum
855 1738 923 1777 est,
946 1744 1027 1769 non
1049 1739 1107 1770 est
1128 1731 1383 1770 arbitrarium.
1513 1745 1575 1768 220

154 1793 220 1831 So.
253 1801 362 1831 tuam
392 1794 513 1832 fidem
544 1808 720 1844 opsecro.
784 1796 867 1833 ΜΕ.
901 1803 970 1833 tun
1001 1804 1039 1834 te
1069 1797 1193 1835 audes
1222 1796 1372 1835 Sosiam
1403 1811 1489 1836 esse

1344 1862 1485 1909 dicere,

155 1924 223 1973 qui
248 1937 322 1974 ego
342 1925 460 1962 sum?
526 1926 590 1963 So.
623 1924 730 1975 perii.
802 1927 886 1964 ΜΕ.
919 1940 1057 1976 parum
1079 1926 1209 1973 etiam,
1233 1934 1368 1977 praeut
1389 1928 1488 1965 futu-

1071 2006 1156 2029 rum
1179 1999 1249 2039 est,
1271 1991 1484 2042 praedicas.

66 2065 131 2103 375
153 2054 295 2104 quoius
315 2068 421 2093 nunc
443 2056 515 2093 es?
572 2058 636 2094 SO.
670 2057 761 2104 tuo’,
784 2070 876 2095 nam
898 2057 1040 2108 pugnis
1061 2071 1134 2095 usu
1155 2056 1280 2095 fecisti
1302 2064 1422 2095 tuom.

152 2132 222 2168 pro
244 2120 374 2164 fidem,
399 2119 582 2157 Thebani
604 2119 711 2159 ciues
729 2124 735 2159 ἔ
787 2123 869 2159 ΜΕ.
904 2121 1021 2160 etiam
1044 2123 1200 2166 clamas,
1226 2123 1440 2160 carnufex?

150 2184 322 2234 loquere,
342 2183 439 2234 quid
456 2184 628 2223 uenisti?
671 2187 736 2224 So,
756 2194 798 2224 ut
814 2194 917 2225 esset
933 2200 1051 2237 quem
1069 2194 1110 2224 tu
1127 2186 1268 2237 pugnis
1285 2187 1480 2225 caederes.
1506 2201 1568 2233 225

192 2288 256 2326 356
274 2297 347 2317 sum
365 2297 429 2318 ser.
450 2287 663 2318 Camerarius
850 2297 911 2327 357
938 2289 969 2318 ni
988 2288 1059 2318 Ital.
1239 2291 1298 2327 361
1327 2294 1395 2320 tum
1413 2289 1479 2321 cod.

149 2332 213 2404 375
237 2331 336 2361 fidem
357 2330 491 2361 Aldus:
517 2331 572 2361 fidi
595 2330 660 2362 cod.
690 2331 724 2371 Ni.
748 2333 797 2371 ¹0)
987 2342 1048 2371 377
1074 2332 1140 2371 loq.
1165 2332 1298 2364 Aldus:
1323 2333 1481 2372 eloquere

150 2385 183 2404 co
210 2401 212 2403 ,

196 2432 314 2454 ΡιΑντ.
341 2433 351 2453 1
1376 2425 1396 2454 2
