1727 2712
690 66 898 107 CASINA
1411 59 1458 94 V.

233 191 349 237 poeta
369 191 489 233 atque
509 189 553 220 ut
573 182 670 218 haec
691 187 750 218 est
770 178 879 216 fabre
899 179 1002 216 facta
1020 176 1072 214 ab
1093 173 1218 212 nobis.

232 252 303 291 CL.
335 256 508 298 optunso
528 260 594 284 ore
615 258 720 282 nunc
741 242 928 294 peruelim
951 238 1165 292 progrediri

233 328 380 361 senem,
403 326 483 362 quo
504 324 623 349 senex
643 308 808 358 nequior
828 308 953 346 nullu'
979 305 1089 343 uiuit.

235 394 253 413 ,κ
315 398 332 414 ,κ
393 392 411 411 ss
473 392 491 412 ιιι
551 375 624 413 nisi
645 374 754 412 illurn
775 372 937 423 quidem

41 452 105 498 865
127 446 357 498 nequiorem
379 458 465 483 esse
484 442 669 481 arbitrare
691 439 758 489 qui
778 438 940 489 praebet
960 436 1014 475 illi
1035 437 1177 475 locum.

1 780 106 822 870—1

49 1245 113 1288 875

236 526 254 547 ,κ
315 525 333 546 *
394 523 413 544 *
473 522 491 541 a<
548 505 622 558 (te)
642 518 748 543 nunc
768 502 989 554 praesidem

233 577 327 615 uolo
347 574 421 622 hic,
447 571 680 617 Pardalisca,
703 582 798 615 esse,
822 567 889 618 qui
911 567 1003 605 hinc
1030 574 1143 605 exeat

234 654 326 680 eum
348 647 389 678 ut
449 654 466 673 ss
527 651 544 670 21<
606 633 779 674 ludibrio
799 633 956 672 habeas.
1018 633 1088 669 ΡΑ.
1119 631 1261 668 lubens
1282 631 1411 667 fecero

288 720 306 739 2³<
368 719 386 738 *
445 712 484 743 et
504 704 645 741 solens.

130 775 200 812 CL.
233 787 251 807 ss
312 786 330 806 *
389 776 566 820 spectato
586 766 679 804 hinc
699 763 855 803 omnia:
885 761 990 800 intus
1011 760 1107 811 quid
1127 767 1244 810 agant

127 837 315 890 (loquere.
363 836 467 886 Mv.)
487 846 591 884 pone
611 831 714 877 med,
732 829 886 867 amabo.
942 829 1013 866 CL.
1037 834 1074 864 et
1096 825 1149 863 ibi
1171 824 1260 862 licet
1280 822 1469 861 audacius

236 916 338 952 quae
358 899 456 938 uelis
476 898 597 936 libere
618 893 809 946 proloqui.
870 894 955 931 Mv.
987 899 1083 938 tace,

294 974 427 1005 nostra
445 963 537 1003 foris
558 960 718 1012 crepuit.

213 1090 474 1129 OLYMPIO
586 1085 903 1121 MYRRHINA
1015 1080 1386 1118 CLEvsTRATA

620 1149 982 1184 PARDALISCA

188 1238 262 1275 OL.
305 1235 447 1283 Neque
479 1245 559 1281 quo
598 1229 743 1279 fugiam
783 1239 913 1277 neque
947 1224 1015 1263 ubi
1050 1226 1192 1263 lateam
1227 1237 1356 1273 neque
1395 1224 1472 1261 hoc

915 1291 1081 1329 dedecu’
1102 1303 1183 1339 quo
1204 1290 1326 1327 modo
1346 1289 1471 1326 celem

183 1352 1472 1412 scio‚tantumerusatqueegoflagitiosuperauimu'nuptiisnostris,

189 1431 243 1470 ita
272 1444 378 1469 nunc
399 1430 533 1480 pudeo
552 1435 671 1476 atque
692 1424 745 1463 ita
766 1437 872 1461 nunc
898 1434 1026 1473 paueo
1047 1428 1166 1470 atque
1191 1419 1244 1457 ita
1269 1418 1476 1457 inridiculo

1187 1497 1322 1522 sumus
1343 1483 1474 1521 ambo.

138 1563 208 1602 sed
237 1575 311 1612 ego
338 1558 526 1610 insipiens
551 1569 658 1596 noua
684 1568 791 1593 nunc
819 1552 945 1592 facio:
976 1553 1100 1602 pudet
1126 1563 1243 1600 quem
1274 1549 1370 1599 priu'
1397 1562 1477 1586 non

1027 1616 1247 1667 puditumst
1276 1627 1475 1664 umquam.

138 1706 299 1744 operam
337 1692 439 1737 dale,
476 1690 573 1728 dum
613 1699 700 1725 mea
738 1687 840 1724 facta
875 1683 995 1722 itero:
1041 1690 1098 1721 est
1135 1694 1277 1731 operae
1312 1679 1479 1730 pretium

1111 1746 1269 1785 auribus
1291 1744 1478 1795 accipere,

56 1831 124 1866 880
141 1824 194 1862 ita
214 1822 379 1862 ridicula
397 1820 545 1867 auditu,
569 1818 707 1857 iteratii
728 1830 774 1856 ea
794 1823 885 1855 sunt
905 1829 1006 1866 quae
1028 1828 1101 1864 ego
1119 1814 1223 1851 intus
1247 1810 1411 1850 turbaui.

185 1930 311 1966 862-71
335 1926 536 1967 paucissima
560 1928 687 1955 servata
712 1924 746 1954 in
771 1924 804 1954 A
963 1926 1091 1962 864—71
1121 1922 1213 1951 inilia
1244 1918 1398 1949 mutilata
1427 1920 1486 1947 aut

143 1977 257 2003 temere
271 1971 417 2012 suppleta
443 1969 475 1999 P
495 1970 545 2009 (cf
574 1968 665 1999 adv.
691 1968 771 2008 844)
906 1969 969 2007 864
995 1967 1057 1998 nisi
1089 1966 1195 1996 Brz'x:
1221 1974 1262 1994 ne
1288 1962 1328 2001 P,
1351 1961 1383 1991 A
1408 1972 1439 1990 n.
1463 1960 1482 1989 l.

144 2017 208 2055 865
233 2026 262 2046 n.
282 2025 312 2046 a.
332 2025 360 2044 e.
375 2025 405 2053 q.
420 2013 439 2044 l.
455 2024 486 2053 p.
506 2012 552 2042 illi
570 2011 610 2052 P,
623 2011 655 2042 A
674 2022 704 2042 n.
719 2011 737 2043 l.
758 2023 765 2042 ε
793 2012 900 2043 traieci
911 2012 1047 2051 (soum.
1071 2010 1157 2040 Phil.
1173 2009 1225 2048 26,
1240 2007 1318 2047 298)
1418 2005 1484 2034 866

146 2065 178 2090 te
189 2058 264 2090 add.
282 2057 377 2088 Valla
502 2057 564 2095 867
591 2056 669 2086 uolo
686 2055 718 2084 A
737 2067 744 2086 :
769 2066 834 2087 om.
851 2055 1008 2096 P(spat.5
1141 2054 1206 2091 869
1232 2050 1352 2082 uolens
1364 2049 1485 2080 Preuss

148 2102 196 2141 (A
210 2114 243 2134 n.
259 2102 296 2143 l.)
313 2114 320 2133 z
343 2102 400 2133 vix
414 2101 524 2132 sciens
543 2100 598 2140 (cf.
614 2099 663 2130 ad
676 2098 773 2137 Epsd.
788 2100 866 2138 2373
983 2101 1047 2138 870
1074 2098 1164 2128 intus
1177 2095 1256 2135 quid
1268 2094 1359 2124 intus
1372 2103 1401 2123 a.
1420 2091 1483 2131 PE,

146 2146 179 2176 A
196 2157 228 2178 n.
240 2147 260 2177 l.
397 2147 460 2184 872
482 2145 622 2183 loquere
639 2141 756 2173 addidi
841 2154 885 2173 an
903 2143 984 2174 tibi?
1076 2140 1239 2172 audacius
1258 2139 1336 2168 licet
1352 2149 1359 2168 z
1383 2135 1491 2166 tvaim·

147 2192 212 2229 873
236 2190 333 2221 uisP
419 2189 507 2230 Mm]
526 2187 574 2218 vel
589 2186 651 2217 ΡΑ.
670 2186 723 2226 (cf.
742 2185 790 2216 ad
801 2197 832 2217 v.
847 2187 927 2226 874)
1051 2187 1113 2225 874
1139 2188 1255 2215 uestra
1268 2181 1301 2212 A
1422 2179 1487 2217 876

148 2234 218 2265 frus
234 2234 266 2264 P
281 2233 323 2275 (F
333 2238 396 2273 pro
413 2232 455 2263 Ex
589 2232 651 2268 877
678 2230 725 2260 ita
741 2234 807 2261 tert.
827 2241 893 2262 om.
912 2230 945 2260 A
1040 2227 1252 2259 inridiculum
1269 2225 1302 2256 P
1422 2222 1486 2261 878

148 2288 215 2317 que
226 2277 258 2308 P
344 2276 498 2316 puditum
512 2283 669 2314 umquam
683 2278 734 2304 est
747 2272 780 2302 P
887 2276 952 2313 879
977 2283 1081 2313 opera
1093 2273 1123 2303 d.
1141 2271 1174 2301 P
1261 2269 1405 2308 pretium
1416 2277 1484 2296 om.

149 2321 182 2351 Ρ
302 2321 434 2359 880·90
453 2320 541 2358 fineS
569 2318 757 2357 (Ismarum.
783 2318 813 2347 si
835 2328 899 2348 non
923 2317 1094 2357 versuum)
1126 2313 1274 2346 mummi
1293 2316 1353 2343 aut
1376 2315 1490 2341 temere

149 2365 285 2406 suppleti
299 2363 332 2394 P
346 2364 397 2404 (cs.
418 2362 507 2394 adv.
526 2363 605 2402 901)
721 2360 787 2391 880
810 2360 958 2402 turbaui]
977 2366 1012 2392 tu
1029 2360 1061 2391 P

196 2417 312 2439 PLAVT.
332 2418 344 2438 1
1361 2398 1402 2429 18

1488 380 1526 401 10

1486 1076 1515 1113 ii

1502 1688 1519 1720 5
