1727 2712
638 139 966 177 AVLVLARIA
1403 139 1472 176 IV.
1494 148 1524 175 x

139 256 242 295 bene
261 254 502 303 feliciterque
523 251 760 290 uortat—ita
779 250 820 289 di
841 249 973 295 faxint,
996 248 1160 298 inquito.

142 322 239 359 Evc.
280 319 333 357 ita
371 318 411 357 di
450 317 604 357 faciant.
680 318 749 354 ΙΝ.
782 323 820 353 et
859 314 954 353 mihi
993 313 1046 352 ita
1084 314 1125 353 di
1164 313 1318 352 faciant.
1382 312 1475 352 audi

1274 378 1471 417 nunciam.

53 458 122 493 790
140 451 207 500 qui
228 451 349 488 horno
369 450 527 499 culpam
549 446 707 487 admisit
727 445 767 485 in
788 459 840 491 se,
864 445 1010 483 nullust
1032 452 1111 482 tam
1133 444 1242 494 parui
1263 443 1361 494 preti
1495 447 1539 479 60

139 515 234 566 quin
265 517 424 565 pudeat,
461 512 556 563 quin
579 518 715 562 purget
736 524 831 549 sese.
891 523 997 548 nunc
1018 517 1056 547 te
1076 516 1262 559 optestor‚
1285 508 1436 555 Euclio,

139 586 181 617 ut
202 578 232 616 si
253 578 349 628 quid
370 591 444 628 ego
465 591 555 627 erga
570 585 609 615 te
630 576 845 626 inprudens
867 573 1029 625 peccaui
1050 581 1117 611 aut
1140 581 1298 624 gnatam
1320 580 1441 620 tuam,

139 650 182 682 ut
202 642 255 681 mi
276 642 455 693 ignoscas
476 655 643 692 eamque
664 654 824 679 uxorem
847 639 943 678 mihi
964 640 1045 686 des,
1067 646 1111 677 ut
1130 639 1235 688 leges
1256 637 1405 677 iubent.

140 721 213 758 ego
234 722 296 746 me
317 707 497 746 iniuriam
519 706 658 745 fecisse
678 705 780 744 filiae
800 706 923 743 fateor
943 712 1033 743 tuae

53 780 118 816 795
141 772 293 812 Cereris
314 772 455 822 uigiliis
477 786 545 822 per
565 771 703 810 uinum
724 778 842 821 atque
863 769 1035 821 impulsu
1055 768 1359 808 adulescentiae.
1497 773 1540 816 65

142 839 238 876 Evc.
271 837 305 876 ei
320 836 427 884 mihi,
445 838 554 887 qu6d
571 850 644 887 ego
665 835 816 874 facinus
833 849 878 874 ex
895 842 933 874 te
948 834 1098 873 audio?
1153 836 1222 872 Lv.
1255 848 1327 884 qur
1340 833 1473 881 eiulas,

140 902 258 953 quem
281 916 353 953 ego
374 916 491 940 auom
513 901 588 940 feci
609 901 686 940 iam
708 908 751 939 ut
771 914 876 939 esses
897 899 989 938 filiai
1010 898 1187 950 nuptiis?

140 982 231 1006 narn
248 975 314 1006 tua
329 975 447 1018 gnata
467 966 627 1018 peperit,
645 967 816 1005 decumo
833 978 969 1003 mense
985 971 1074 1014 post
1091 979 1098 1002 ε
1129 977 1336 1003 numerum
1359 977 1456 1014 cape
1466 978 1476 1012 3

140 1048 187 1072 ea
206 1048 246 1073 re
266 1033 475 1084 repudium
497 1031 644 1071 remisit
664 1032 858 1071 aunculus
878 1044 1018 1069 caussa
1039 1043 1136 1068 mea.

53 1099 122 1133 800
141 1099 152 1137 ι’
167 1099 280 1146 intro,
299 1112 491 1149 exquaere
507 1098 609 1137 sitne
625 1097 678 1136 ita
694 1105 736 1136 ut
749 1111 823 1147 ego
839 1096 1035 1148 praedico.
1078 1097 1176 1134 Evc.
1200 1095 1296 1146 perii
1312 1095 1473 1146 oppido,
1497 1103 1538 1136 70

140 1164 192 1202 ita
213 1164 309 1202 mihi
329 1165 380 1203 ad
401 1165 547 1202 malurn
570 1164 695 1202 malae
716 1176 775 1201 res
796 1163 1001 1213 plurumae
1021 1175 1063 1200 se
1082 1160 1341 1211 adglutinant.

139 1229 206 1268 ibo
220 1229 333 1276 intro,
349 1237 392 1268 ut
408 1228 505 1279 quid
521 1228 651 1267 huiius
668 1242 805 1266 uerum
822 1227 870 1266 sit
887 1226 1153 1266 sciam—LV.
1175 1226 1252 1264 iam
1266 1234 1304 1265 te
1320 1239 1473 1276 sequor.

194 1295 291 1333 haec
312 1295 602 1345 propemodum
624 1293 701 1331 iam
723 1307 808 1332 esse
829 1292 868 1330 in
889 1293 995 1331 uado
1015 1291 1151 1330 salutis
1172 1305 1232 1330 res
1252 1291 1418 1330 uidetur.

194 1373 301 1398 nunc
330 1373 486 1398 seruom
516 1373 602 1398 esse
632 1357 700 1397 ubi
730 1358 860 1397 dicam
891 1371 1024 1396 meum
1054 1358 1276 1398 †Strolum†
1307 1370 1388 1396 non
1422 1370 1476 1394 re-

1342 1420 1450 1472 perio
1468 1435 1476 1462 :

54 1487 120 1531 805
195 1489 270 1528 nisi
290 1489 408 1528 etiam
428 1489 492 1528 hic
513 1489 693 1541 opperiar
713 1496 845 1527 tamen
867 1488 1078 1539 paullisper
1093 1503 1102 1536 ;
1131 1495 1269 1538 postea
1289 1486 1392 1525 intro
1496 1497 1536 1530 75

195 1555 301 1593 hunc
318 1569 544 1605 supsequar.
589 1568 695 1592 nunc
711 1553 866 1592 interim
884 1553 1053 1604 spatium
1071 1552 1105 1591 ei
1122 1552 1228 1591 dabo
1244 1550 1475 1602 exquirendi

194 1634 328 1659 meum
355 1621 502 1659 factum
527 1634 573 1659 ex
599 1627 740 1671 gnatae
768 1618 986 1669 pedisequa
1012 1617 1163 1656 nutrice
1190 1630 1292 1656 anu:
1322 1630 1368 1655 ea
1393 1629 1476 1655 rem

1351 1688 1474 1721 nouit.

645 1808 882 1855 ACTVS
931 1808 976 1854 V

298 1922 617 1959 ch0N1D1s
656 1920 871 1957 SERVVS
985 1919 1314 1956 chonxnsss
1498 1911 1576 1950 V.i

145 2015 188 2052 L.
211 2015 248 2052 S.
283 2014 334 2051 Di
356 2013 594 2059 inmortales,
618 2012 762 2062 quibus
784 2019 821 2050 et
843 2011 1000 2062 quantis
1023 2025 1086 2049 me
1103 2010 1260 2050 donatis
1282 2009 1436 2060 gaudiis
1454 2012 1461 2047 ἔ

143 2079 423 2129 quadrilibrem
439 2080 568 2116 aulam
585 2081 680 2116 auro
696 2085 879 2115 onustam
893 2077 1033 2115 habeo.
1077 2075 1164 2126 quis
1181 2089 1245 2114 me
1260 2083 1318 2114 est
1333 2074 1481 2114 ditior?

188 2193 247 2222 791
272 2182 354 2222 quin
376 2183 453 2222 pud.
475 2181 539 2214 cod.
561 2185 587 2224 (3
599 2186 661 2222 pro
677 2191 764 2220 qum,
785 2182 922 2221 antiqua
931 2180 1061 2220 forma,
1080 2179 1203 2217 sourn.
1223 2179 1308 2209 Phil.
1330 2180 1381 2210 26.
1402 2177 1482 2217 289)

431 2236 493 2265 793
517 2226 654 2256 iubeant
670 2224 736 2256 cod.
756 2225 792 2265 (i.
810 2228 849 2263 95
954 2234 1016 2263 794
1043 2223 1132 2254 filiae
1150 2223 1271 2254 secisse
1288 2221 1353 2253 cod.
1375 2233 1381 2252 ε
1405 2223 1477 2253 trai.

146 2270 358 2301 Camerarius
492 2272 555 2308 796
578 2269 666 2308 quod
691 2268 822 2299 facinus
840 2279 881 2299 ex
905 2273 938 2299 te
961 2278 1025 2307 ego
1043 2267 1122 2307 cod,
1138 2267 1295 2297 inusitato
1308 2265 1479 2296 verborum

143 2313 256 2344 ordine
269 2325 276 2344 ε
297 2324 375 2344 corr.
394 2313 528 2344 Gm'etus
542 2311 616 2351 (sed
626 2311 655 2342 ei
672 2312 753 2342 mihi
763 2312 880 2352 placet)
935 2312 986 2341 vel
997 2312 1053 2342 ted
1137 2311 1202 2341 802
1224 2319 1339 2340 uerum
1355 2308 1459 2339 Bothe
1473 2321 1480 2340 :

145 2357 218 2387 ueri
234 2357 298 2388 cod.
321 2358 355 2397 (i.
368 2358 404 2397 9)
503 2358 566 2394 804
592 2355 776 2386 strobolum
789 2354 836 2384 13³
931 2356 995 2394 807
1022 2365 1088 2385 anu
1107 2364 1148 2384 ea
1162 2364 1232 2385 rem
1249 2353 1477 2384 Camerarius:

144 2411 305 2431 anuerarn
323 2400 389 2430 cod.
408 2400 448 2439 (i.
464 2401 499 2440 6)
621 2400 687 2439 809
712 2398 820 2429 aulam
846 2398 1088 2438 quadrilibrem
1110 2397 1284 2429 Osbernus.
1334 2396 1479 2428 Hiatum

145 2444 366 2475 allz'tterationi
379 2448 541 2485 ‹tx-ceptum
561 2443 658 2483 resero
