1686 2722
100 80 215 112 paor..
653 86 699 124 T.
734 88 913 130 MACCI
945 92 1147 135 PLAVTI

245 185 365 235 quiue
394 202 473 238 quo
503 192 672 240 placeret
699 196 796 235 alter
824 198 978 240 fecisset
1008 203 1148 253 minus,

183 257 223 298 85
243 249 327 290 eius
355 264 587 295 ornamenta
615 266 652 297 et
681 261 831 301 corium
862 264 917 303 uti
946 268 1210 311 conciderent.

242 315 369 356 mirari
399 319 521 359 nolim
551 336 623 362 uos
653 336 891 378 quapropter
921 331 1098 383 Iuppiter

240 393 345 420 nunc
375 383 582 426 histriones
611 398 719 429 curet
734 405 745 439 ς
784 406 834 432 ne
864 394 1082 438 miremini:

238 443 321 495 ipse
351 448 453 488 hanc
480 459 653 493 acturust
684 456 861 507 Iuppiter
889 463 1148 504 comoediam.

236 509 364 559 quid?
401 514 609 556 admiratin
639 519 761 559 estis?
800 524 911 572 quasi
941 539 1036 567 uero
1065 543 1212 571 nouom

174 587 217 620 90
237 587 342 614 nunc
372 580 587 627 proferatur
618 584 757 624 Iouem
788 588 915 628 facere
944 590 1214 644 histrioniam;

234 638 363 688 etiam,
395 642 603 686 histriones
631 661 737 688 anno
766 664 888 702 quom
918 653 957 693 in
987 662 1218 706 proscaenio
1247 663 1311 701 hic

233 704 372 744 Iouem
403 707 648 760 inuocarunt,
679 715 799 764 uenit,
829 718 974 759 auxilio
1002 720 1034 761 is
1062 722 1144 763 suit.

230 777 428 818 praeterea
456 782 564 815 certo
592 779 722 827 prodit
751 780 790 819 in
820 785 1028 834 tragoedia.

230 833 332 873 hanc
361 837 546 888 fabulam,
578 841 751 893 inquam,
781 847 846 886 hic
873 849 1050 901 Iuppiter
1076 853 1197 894 hodie
1226 855 1308 907 ipse
1337 868 1425 910 aget

168 913 208 945 95
229 905 267 936 et
296 912 369 950 ego
399 915 477 941 una
506 917 596 944 curn
626 908 703 947 illo.
763 924 870 951 nunc
896 910 1006 968 (uos)
1031 916 1208 958 animum
1238 923 1444 972 aduortite,

226 963 322 1002 dum
354 966 469 1006 huius
497 981 772 1021 argumentum
802 977 964 1029 eloquar
991 983 1233 1024 comoediae.

279 1031 394 1071 Haec
423 1035 516 1075 urbs
545 1045 604 1077 est
632 1040 807 1082 Thebae.
852 1044 892 1084 in
922 1046 1044 1087 illisce
1072 1050 1222 1090 habitat
1251 1054 1415 1094 aedibus

222 1097 470 1148 Amphitruo,
502 1110 617 1144 natus
646 1106 760 1158 Argis
788 1122 835 1148 ex
865 1113 970 1163 Argo
999 1123 1117 1164 patre,

220 1161 380 1210 quicum
411 1167 632 1209 Alcumena
660 1180 719 1212 est
747 1183 881 1225 nupta.
914 1179 1057 1218 Electri
1087 1181 1174 1221 filia„

140 1238 200 1261 100
219 1225 250 1265 is
280 1241 387 1268 nunc
416 1233 655 1284 Amphitruo
682 1241 919 1290 praefectust
948 1243 1178 1295 legionibus,

218 1305 309 1331 narn
338 1307 429 1335 curn
460 1299 650 1341 Telobois
680 1303 826 1344 bellum
856 1314 914 1346 est
944 1309 1138 1351 Thebano
1168 1316 1297 1364 poplo.

215 1356 246 1396 is
276 1358 373 1408 priu’
401 1375 520 1413 quam
551 1365 644 1406 hinc
671 1369 768 1408 abiit
797 1372 964 1422 ipsemet
992 1375 1031 1414 in
1061 1378 1285 1428 exercitum,

213 1423 414 1472 grauidam
445 1429 706 1471 Alcumenam
737 1435 827 1474 fecit
857 1451 1016 1478 uxorem
1047 1454 1168 1481 suam.

214 1500 304 1526 narn
335 1502 408 1540 ego
437 1505 509 1532 uos
538 1496 698 1536 nouisse
726 1501 846 1539 credo
875 1501 951 1541 iam
982 1512 1023 1543 ut
1053 1505 1101 1544 sit
1131 1516 1239 1557 pater
1269 1524 1390 1559 meus,

132 1561 190 1594 ¹05
210 1563 329 1600 quam
359 1554 457 1595 liber
484 1557 622 1599 harum
652 1575 780 1602 rerum
811 1567 1020 1607 multarum
1049 1570 1122 1609 siet

209 1626 460 1671 quantusque
488 1632 640 1665 amator
669 1627 742 1667 siet
773 1632 880 1680 quod
911 1636 1191 1685 complacitum
1221 1647 1281 1678 est
1310 1643 1441 1682 semel.

207 1680 238 1719 is
267 1695 398 1724 amare
427 1689 581 1739 occepit
610 1692 872 1734 Alcumenam
903 1698 1002 1736 clam
1034 1699 1161 1740 uirum

206 1759 442 1801 usuramque
471 1752 569 1793 eiius
599 1760 772 1808 corporis
803 1762 907 1812 cepit
936 1763 1022 1812 sibi,

202 1818 241 1850 et
268 1814 471 1863 grauidam
502 1819 592 1858 fecit
623 1821 653 1860 is
683 1837 771 1862 eam
801 1839 1028 1878 compressu
1058 1844 1140 1871 suo.

121 1892 182 1914 110
201 1890 307 1917 nunc
336 1880 387 1920 de
416 1883 637 1926 Alcumena
667 1896 708 1928 ut
738 1904 819 1930 rem
850 1894 1014 1934 teneatis
1043 1897 1196 1945 rectius,

200 1941 396 1994 utrimque
425 1956 483 1986 est
514 1951 686 2000 grauida,
718 1962 757 1993 et
788 1969 834 1995 ex
865 1957 950 1998 uiro
978 1968 1017 1999 et
1045 1975 1092 2000 ex
1121 1976 1277 2003 summo
1308 1965 1417 2005 Ioue.

243 2049 283 2088 84
309 2052 358 2081 vel
371 2053 459 2092 quiu'
535 2056 710 2096 placerent
726 2059 793 2092 cod.
899 2062 942 2102 89
965 2063 1118 2096 admirati
1132 2065 1198 2097 cod.
1303 2079 1346 2108 95
1371 2081 1433 2101 uos
1448 2072 1523 2104 add.

199 2091 359 2130 Pylades:
385 2097 448 2129 hoc
474 2097 598 2131 Pradel
610 2112 617 2131 :
643 2102 707 2132 iarn
737 2103 874 2135 Mueller
1045 2110 1090 2148 96
1113 2109 1251 2142 huiusce
1277 2123 1345 2151 arg.
1377 2113 1527 2155 Bentley:

197 2145 266 2174 arg.
283 2137 381 2170 huius
395 2140 536 2179 Pylades
605 2143 748 2184 eloquor
765 2148 807 2184 (ἣ
827 2147 962 2190 Seyffrrt
979 2150 1092 2184 (Burs.
1107 2152 1290 2190 Jalrrcsber.
1312 2157 1404 2195 1890,
1419 2168 1450 2197 p.
1468 2161 1523 2191 26³

195 2179 239 2217 98
263 2179 301 2210 de
316 2182 410 2222 Argo
427 2186 464 2224 ιβ
486 2185 609 2216 Usener
626 2187 757 2224 (Rluein.
773 2189 860 2222 lllns.
882 2201 932 2232 53,
953 2194 1031 2233 339)
1157 2206 1213 2228 10¹
1241 2197 1270 2229 b.
1298 2205 1349 2229 cst
1363 2200 1522 2239 Pylades:

195 2227 248 2253 est
265 2223 294 2254 b.
314 2225 380 2257 cod.
428 2228 483 2258 vix
499 2228 676 2262 Teloboist
869 2245 928 2274 ¹03
953 2236 1011 2268 sce.
1039 2248 1094 2269 ux.
1119 2239 1256 2271 Fmter:
1291 2252 1345 2273 ux.
1373 2243 1434 2274 sce.
1452 2245 1519 2277 cod.

198 2275 256 2305 104
284 2278 379 2300 meus
397 2276 493 2310 pater
512 2272 623 2307 Bothe.
641 2276 696 2305 cm'
709 2278 805 2315 pater
823 2281 917 2310 meus
935 2279 1075 2318 displicet
1210 2287 1268 2314 106
1291 2285 1371 2327 sict]
1390 2287 1433 2318 sit
1450 2289 1520 2321 cdd.

193 2319 262 2340 sme
277 2321 375 2343 causa
514 2317 574 2347 108
599 2319 708 2357 coepit
726 2319 790 2351 cod.
810 2321 859 2360 (ts
875 2332 903 2353 v.
929 2333 939 2352 ι
950 2333 962 2353 ι
968 2325 1038 2363 36),
1055 2324 1128 2355 item
1145 2325 1233 2358 codd.
1254 2326 1427 2369 Nom'1'231

1575 938 1618 974 95

1571 1269 1638 1295 100

1562 1593 1624 1629 ¹05

1554 1916 1620 1943 110
