1727 2712
626 133 974 172 AMPHITRVO
1405 135 1460 172 II.
1478 132 1510 172 ii

132 243 205 281 AL.
238 241 354 281 nimis
374 249 527 281 ecastor
546 241 697 281 facinus
718 241 860 281 mirum
882 250 941 281 est
962 244 1030 293 qui
1050 242 1104 281 illi
1125 243 1360 282 conlibitum
1380 244 1454 283 siet

133 320 223 345 meo
243 307 328 345 uiro
348 307 404 346 sic
425 321 489 346 me
508 307 734 346 insimulare
754 309 853 346 falso
874 307 1026 346 facinus
1047 316 1128 347 tam
1149 310 1309 347 malum.

44 371 116 406 860
132 372 328 423 quidquid
361 380 431 421 est,
467 372 545 411 iam
595 387 641 411 ex
692 374 890 411 Naucrate
935 381 1105 424 cognato
1151 373 1191 412 id
1225 387 1464 424 cognoscam
1487 391 1549 423 230

1307 453 1466 478 meo.—

605 622 844 671 ACTVS
898 624 978 671 III

662 734 936 772 IVPPITER
1485 744 1591 782 III.i

131 833 190 872 IV.
223 834 308 883 Ego
329 846 417 871 sum
437 832 502 872 ille
522 832 773 884 Amphitruo,
797 833 907 884 quoii
928 841 987 872 est
1007 847 1144 873 seruos
1164 834 1288 882 Sosia,

129 898 235 937 idem
258 898 478 937 Mercurius
498 898 566 948 qui
587 899 629 936 fit
650 900 812 949 quando
833 900 1141 946 commodumst,

128 963 168 1002 in
188 963 387 1014 superiore
407 963 476 1014 qui
495 963 633 1002 habito
653 966 856 1012 cenaculo,

128 1028 196 1079 qui
216 1028 415 1067 interdum
437 1029 489 1066 fio
512 1028 689 1079 Iuppiter
711 1031 873 1080 quando
893 1030 1003 1069 lubet
1016 1045 1027 1079 3

41 1097 108 1142 865
128 1095 207 1132 huc
226 1102 359 1133 autem
380 1107 501 1144 quom
524 1096 723 1145 extemplo
743 1096 961 1134 aduentum
982 1097 1162 1146 adporto,
1184 1096 1276 1135 ilico
1484 1114 1502 1145 5

129 1159 368 1209 Amphitruo
388 1161 442 1198 fio
461 1167 499 1198 et
520 1158 707 1198 uestitum
729 1159 897 1199 immuto
917 1174 1062 1199 meum.

128 1238 235 1263 nunc
256 1226 333 1264 huc
354 1225 515 1264 honoris
536 1225 659 1264 uostri
681 1225 800 1264 uenio
819 1226 950 1277 gratia,

128 1303 179 1329 ne
198 1291 302 1330 hanc
322 1291 549 1329 incohatam
571 1290 782 1341 transigam
803 1291 1051 1330 comoediam
1069 1307 1080 1340 3

129 1355 244 1394 simul
265 1357 521 1404 Alcumenae,
545 1359 664 1407 quam
687 1355 746 1394 uir
765 1355 963 1395 insontem
984 1357 1117 1407 probri

40 1424 111 1468 870
129 1421 368 1472 Amphitruo
388 1429 557 1469 accusat,
582 1421 673 1460 ueni
695 1428 737 1460 ut
757 1421 944 1460 auxilium
966 1423 1087 1461 feram
1104 1438 1112 1461 :
1487 1445 1526 1466 10

129 1500 222 1526 nam
243 1501 331 1526 mea
351 1487 399 1526 sit
419 1489 545 1537 culpa,
570 1488 679 1538 quod
701 1495 859 1538 egomet
879 1488 1151 1534 contraxerim,

127 1551 160 1590 si
180 1552 221 1592 id
241 1554 486 1592 Alcumenae
507 1552 759 1593 †innocenti†
780 1560 945 1603 expetat.

127 1631 234 1656 nunc
253 1618 587 1669 Amphitruonem
610 1625 768 1665 memet,
791 1625 834 1656 ut
853 1618 991 1669 occepi
1012 1620 1144 1667 semel,

127 1696 213 1722 esse
232 1683 481 1722 adsimulabo
509 1683 512 1734 Ι
537 1691 655 1734 atque
678 1683 718 1721 in
740 1684 881 1722 horum
903 1684 1091 1723 familiam

40 1754 107 1798 875
128 1747 248 1787 hodie
267 1748 557 1788 frustrationem
578 1748 736 1787 iniciam
758 1763 983 1788 maxumam
998 1765 1009 1798 ς
1484 1768 1521 1799 15

127 1821 216 1864 post
237 1813 351 1864 igitur
370 1815 533 1853 demum
554 1814 695 1853 faciam
716 1828 776 1853 res
797 1815 864 1852 fiat
885 1816 1015 1865 palam

126 1884 245 1927 atque
265 1878 510 1916 Alcumenae
530 1877 570 1915 in
592 1885 771 1927 tempore
791 1877 979 1916 auxilium
1001 1879 1122 1917 feram

126 1941 347 1992 faciamque
367 1950 410 1981 ut
429 1956 510 1981 uno
531 1944 612 1981 fetu
633 1950 671 1981 et
691 1944 802 1993 quod
822 1943 984 1994 grauida
1004 1952 1061 1982 est
1083 1944 1168 1982 uiro

127 2015 165 2047 et
185 2021 249 2047 me
269 2009 378 2059 quod
398 2008 596 2059 grauidast
616 2008 740 2059 pariat
761 2008 845 2047 sine
865 2009 1079 2048 doloribus

40 2078 109 2114 880
129 2073 370 2112 Mercurium
391 2074 485 2113 iussi
506 2088 570 2113 me
590 2074 781 2113 continuo
802 2075 1004 2125 consequi,
1482 2095 1522 2118 20

128 2137 160 2176 si
180 2139 276 2189 quid
297 2141 440 2178 uellem
461 2140 662 2191 imperare.
721 2153 829 2179 nunc
849 2141 953 2179 hanc
972 2142 1174 2193 adloquar.
1202 2163 1204 2165 v

171 2244 234 2282 858
259 2244 419 2275 conlitum
452 2244 519 2275 cod.
555 2244 767 2283 (conlibitum
795 2243 865 2281 Οἳ)
1013 2246 1077 2284 859
1112 2246 1195 2277 falso
1227 2246 1462 2278 Lindemann:

128 2287 246 2318 falsum
265 2289 300 2327 (i.
321 2288 356 2328 3)
468 2289 532 2327 865
558 2298 624 2327 quo
638 2288 701 2319 cod.
815 2289 879 2318 868
903 2287 961 2327 ne]
988 2293 1023 2318 ut
1040 2289 1150 2319 Havet
1281 2292 1344 2329 872
1368 2291 1460 2321 inno-

127 2331 262 2361 centiae
278 2330 479 2362 Lachmann
619 2333 683 2370 874
710 2331 879 2373 (iterum)
897 2342 974 2362 esse
990 2332 1161 2363 Fleckeisen
1295 2335 1358 2373 875
1384 2334 1459 2365 hod.

128 2373 167 2406 fr.
186 2373 378 2407 Fleckeisen:
405 2374 444 2408 fr.
463 2375 540 2406 hod.
559 2374 624 2407 cod.
644 2387 651 2407 :
674 2375 712 2406 fr.
732 2374 841 2419 (ego)
859 2376 935 2407 hod.
955 2374 1094 2415 Pylades
