1727 2712
616 75 992 114 CISTELLARIA
1414 77 1468 113 Π.
1490 76 1504 112 i

137 186 177 227 di
200 200 262 226 me
282 200 433 233 omnes,
457 186 587 237 magni
609 186 829 238 minutique
849 194 887 225 et
908 186 1024 226 etiam
1047 187 1247 238 patellarii,
1494 202 1533 233 55

138 252 260 291 faxint
281 266 332 291 ne
351 266 426 303 ego
444 250 554 304 <dem
575 251 710 304 uiuae>
729 253 843 290 uiuos
864 252 1017 290 sauium
1040 254 1210 300 Selenio,

138 317 211 355 nisi
232 330 305 366 ego
327 324 444 367 teque
465 325 652 367 tuamque
673 317 792 355 filiam
813 331 940 367 aeque
961 317 1080 356 hodie
1102 327 1405 368 optruncauero‚

53 391 117 430 525
136 390 249 433 poste
269 390 401 420 autem
422 396 513 421 curn
533 382 660 433 primo
681 382 759 421 luci
779 395 863 420 cras
883 382 957 420 nisi
977 384 1097 422 ambo
1118 383 1314 430 occidero,

137 454 174 485 et
195 446 381 497 equidem
402 448 532 486 hercle
552 447 626 485 nisi
647 449 793 499 pedatu
813 447 928 486 tertio
949 449 1078 486 omnis
1099 447 1292 495 ecflixero,

135 511 208 549 nisi
229 519 270 550 tu
292 511 397 550 illam
419 511 582 550 remittis
602 514 652 551 ad
675 526 747 551 me.
808 512 887 551 dixi
908 526 1009 563 quae
1030 513 1148 551 uolui.
1209 515 1365 551 uale.—
1489 515 1532 547 60

136 579 218 615 ΜΕ.
251 576 347 615 abiit
367 576 469 615 intro
490 577 618 615 iratus.
678 577 775 628 quid
796 591 869 628 ego
889 591 996 616 nunc
1016 591 1129 627 agam
1146 580 1162 616 ?
1191 578 1222 616 si
1245 578 1400 616 redierit

135 641 199 679 illa
218 642 269 680 ad
290 643 407 688 hunc,
430 641 580 680 ibidem
600 642 677 680 loci
698 656 757 681 res
778 642 848 681 erit
865 658 872 680 ε
902 642 971 681 ubi
991 642 1127 681 odium
1150 643 1357 693 occeperit,

51 715 119 752 530
136 707 241 745 illam
263 708 452 754 extrudet,
476 715 559 745 tum
580 709 683 746 hanc
703 721 864 746 uxorem
886 708 1094 746 Lemniam
1115 709 1233 746 ducet
1254 710 1432 748 domum.

136 774 206 811 sed
220 780 352 811 tamen
366 772 433 810 ibo
447 780 486 811 et
499 786 725 823 persequar:
746 786 884 811 amans
899 772 948 811 ne
963 772 1060 822 quid
1074 773 1200 820 faciat,
1211 781 1328 811 cauto
1337 780 1465 823 opust.

135 845 347 888 postrem0‚
370 839 533 887 quando
552 851 680 888 aequa
700 839 784 889 lege
805 837 966 888 pauperi
987 852 1079 876 cum
1100 838 1224 876 diuite
1488 838 1528 880 65

136 916 217 940 non
238 902 338 950 licet,
361 904 524 953 perdam
545 916 705 954 operam
726 903 857 954 potius
877 917 996 953 quam
1018 903 1162 941 carebo
1183 903 1272 941 filia.

136 969 206 1006 sed
240 967 328 1017 quis
367 967 430 1006 hic
465 975 522 1006 est
556 968 623 1018 qui
658 975 762 1007 recta
796 970 925 1019 platea
958 981 1116 1006 cursum
1151 970 1229 1006 huc
1263 968 1469 1007 contendit

1327 1047 1438 1072 suom
1454 1035 1470 1072 ?

53 1111 115 1148 535
137 1107 174 1137 et
195 1099 292 1137 illud
313 1112 441 1148 paueo
461 1107 499 1137 et
520 1100 596 1137 hoc
617 1099 798 1147 formido,
821 1099 874 1137 ita
895 1107 978 1138 tota
998 1113 1085 1138 sum
1107 1099 1248 1138 misera
1269 1099 1308 1137 in
1330 1108 1448 1137 metu.

651 1212 952 1249 LAMPADIO
1492 1210 1520 1245 ii

139 1294 208 1330 LA.
241 1294 375 1331 Anum
397 1301 567 1331 sectatus
587 1306 674 1331 sum
696 1295 866 1333 clamore
887 1308 955 1345 per
976 1294 1070 1342 uias,

139 1357 408 1396 miserrumam
430 1359 560 1397 habui.
620 1367 662 1397 ut
682 1359 794 1397 illaec
815 1359 935 1398 hodie
955 1368 1051 1409 quot
1073 1359 1202 1398 modis

138 1424 375 1462 moderatrix
393 1423 584 1476 (linguae)
603 1424 674 1462 fuit
694 1433 813 1475 atque
834 1425 1144 1463 inmemorabilis
1163 1428 1169 1463 ἕ

138 1497 235 1539 quot
256 1489 310 1528 illi
330 1489 553 1536 blanditias,
575 1490 673 1540 quid
693 1489 746 1528 illi
766 1490 928 1540 promisi
950 1490 1056 1538 boni,

55 1565 120 1602 540
138 1562 235 1605 quot
255 1554 484 1593 admoeniui
504 1554 681 1602 fabricas,
704 1563 802 1605 quot
821 1554 993 1593 fallacias
1492 1568 1509 1599 5

139 1620 178 1658 in
200 1619 430 1670 quaestione
448 1623 454 1657 !
512 1619 576 1658 uix
598 1618 792 1669 exsculpsi
813 1626 854 1657 ut
875 1619 1033 1666 diceret,

139 1685 231 1735 quia
251 1684 285 1723 ei
307 1684 467 1734 promisi
487 1684 638 1723 dolium
660 1683 741 1721 uini
762 1685 865 1722 dare.

181 1797 600 1833 PHANOSTRATA
713 1796 1014 1833 LAMPADIO
1128 1797 1428 1833 MELAEle
1492 1797 1536 1833 iii

141 1879 215 1915 PH.
248 1876 397 1915 Audire
418 1890 558 1914 uocem
580 1876 664 1914 uisa
685 1889 771 1913 sum
793 1884 884 1914 ante
904 1876 1012 1914 aedis
1035 1877 1157 1914 modo

140 1942 216 1980 mei
239 1941 489 1991 Lampadisci
511 1941 623 1980 serui.
685 1943 754 1979 LA.
788 1955 869 1979 non
890 1943 1008 1980 surda
1028 1955 1080 1989 es,
1104 1955 1168 1980 era
1186 1957 1192 1979 ε

183 2058 246 2086 522
272 2047 391 2077 minuti
418 2051 452 2076 et
477 2047 578 2076 etiarn
606 2046 637 2076 A
658 2058 663 2077 :
699 2047 886 2086 minutique
913 2052 945 2077 et
967 2046 1022 2076 P-
1099 2046 1199 2085 deficit
1223 2046 1255 2075 A
1407 2056 1470 2084 523

140 2091 295 2121 lacunam
340 2091 445 2131 spatio
481 2085 577 2120 ‘notat
608 2089 641 2119 Β
661 2102 667 2121 :
709 2089 831 2132 (dem)
866 2091 953 2128 Ital„
992 2090 1134 2132 (uiuae)
1169 2089 1280 2127 Bothe,
1312 2089 1444 2119 Benoisl
1465 2103 1471 2121 :

141 2134 370 2177 (oppfflgam)
381 2133 508 2165 Sclzocll
532 2169 535 2173 ‚
551 2134 646 2164 senio
659 2133 724 2165 cod.
741 2134 885 2173 (selenio
898 2134 942 2172 J‘)
1011 2144 1073 2173 524
1096 2139 1141 2164 te.
1155 2139 1200 2164 tu.
1218 2133 1238 2164 f.
1253 2144 1373 2172 meque
1387 2134 1468 2171 cod.‚

140 2178 198 2209 sed
217 2178 316 2209 filiam
337 2177 419 2208 verb.
438 2177 630 2217 dactylicum
647 2178 680 2207 in
699 2181 814 2217 quarto
826 2177 906 2218 pede
921 2179 977 2209 vix
988 2177 1168 2217 ferendum
1184 2188 1190 2208 :
1225 2187 1301 2207 corr.
1322 2177 1471 2217 quffert:

140 2223 273 2262 vixteq'
290 2220 376 2260 meq'
394 2226 439 2252 tu.
456 2221 476 2252 s.
584 2230 647 2259 525
670 2226 788 2260 postea
805 2221 870 2252 cod.
986 2222 1051 2260 526
1076 2221 1230 2251 efflixero
1249 2221 1359 2250 omnis
1373 2223 1472 2251 tertio

143 2265 207 2296 Leo
362 2275 427 2304 530
450 2270 520 2295 tum
545 2263 763 2295 Dissaldeus:
796 2275 869 2295 cum
894 2264 958 2295 cod.
1109 2275 1168 2303 531
1198 2275 1315 2295 amens
1338 2264 1392 2302 3¹,
1419 2265 1476 2295 sed

141 2309 266 2349 nequid
289 2309 346 2340 vix
362 2307 541 2349 serendum
688 2308 748 2338 sed
780 2313 892 2339 tamen
921 2318 1040 2339 amens
1074 2319 1115 2339 ne
1141 2309 1219 2348 quid
1250 2309 1345 2339 saciat
1373 2314 1471 2339 cauto

141 2359 249 2393 opust.
293 2353 348 2383 ibo
365 2357 398 2383 et
414 2361 600 2392 persequar
617 2351 682 2380 Leo
812 2361 874 2391 534
899 2352 964 2382 huc
989 2351 1062 2383 Ital.
1082 2364 1088 2382 t
1114 2353 1167 2382 hic
1192 2351 1256 2383 cod.
1408 2362 1470 2392 535

141 2397 191 2429 vel
212 2397 290 2429 illuc
439 2395 501 2435 538
526 2395 661 2432 linguae
686 2394 761 2426 add.
785 2395 909 2436 Ussing
1054 2405 1117 2434 539
1140 2396 1189 2425 vel
1204 2396 1267 2425 illic
