1676 2722
651 135 971 174 PRAEFATIO

147 243 297 282 fabulas
318 245 378 282 vel
399 243 530 294 potius
551 244 768 282 fabularum
791 252 919 294 partes
940 244 1101 294 (Bacch.
1119 259 1140 294 3
1147 247 1261 295 5—80‚
1279 249 1407 296 570—6
1414 259 1474 297 50,

148 310 344 358 διο-900,
367 311 486 355 Pers,
514 311 647 356 Poen.,
679 311 821 347 Pseud.
856 311 1038 358 730-fin.‚
1064 311 1168 348 Rud.
1198 310 1407 360 init.—790)
1437 312 1476 350 in

147 374 290 425 quibus
304 374 493 413 lectiones
506 374 701 425 deperditi
717 374 866 413 codicis
883 375 1059 413 Turnebi
1074 374 1150 425 (T)
1166 389 1290 426 nuper
1303 386 1477 426 repertae

146 439 187 478 in
208 439 448 478 bibliotheca
470 439 688 478 Bodleiana
709 447 864 489 praesto
885 448 976 478 sunt
990 439 1190 489 antiquius
1208 440 1477 480 testimonium

146 503 262 542 huius
283 503 524 542 recensionis
546 504 750 551 habemus,
766 518 858 542 nam
880 518 926 542 ex
947 518 1143 543 consensu
1165 505 1314 544 codicis
1336 507 1477 544 Teum

146 568 284 607 ceteris
318 567 525 608 codicibus
562 568 752 608 lectiones
791 568 912 619 ipsius
946 571 1046 607 illius
1078 570 1350 622 proarchetypi
1384 570 1479 622 (ΡΑ)

146 633 330 684 indagare
357 647 569 684 possumus
584 648 594 682 ;
622 636 731 673 unde
759 635 803 672 fit
831 642 875 673 ut
904 635 1002 685 siglo
1025 637 1068 673 P
1089 637 1167 685 (vel
1200 636 1329 688 ‘c0d.')
1350 636 1390 674 in
1419 636 1478 674 his

146 699 287 737 fabulis
319 713 400 738 non
433 701 555 739 modo
585 699 785 750 archetypi
822 700 946 750 (unde
975 702 1145 739 BCDE
1158 703 1252 751 VJO
1285 710 1324 741 et
1358 715 1481 740 corre-

146 764 296 804 ctiones
316 766 388 816 B3)
410 767 480 804 sed
499 765 618 804 etiam
640 765 912 816 proarchetypi
934 766 1058 817 (unde
1078 766 1196 805 etiam
1217 767 1271 819 T)
1291 769 1480 806 lectiones

146 830 391 869 denotentur.

200 896 330 946 Siquis
377 906 510 935 autem
559 897 776 948 pleniorem
824 897 1039 936 lectionum
1083 907 1121 937 et
1167 900 1481 937 coniecturarum

145 962 409 1002 narrationem
439 963 610 1014 requirit,
633 965 684 1002 ad
714 963 881 1002 maiores
911 963 1119 1012 editiones,
1140 964 1220 1002 sive
1248 978 1334 1003 eam
1362 978 1481 1015 quam

146 1028 294 1079 paravit
331 1030 413 1068 Leo
445 1030 522 1080 (ap.
554 1029 817 1076 Weidmann.,
851 1029 1036 1077 Berolini,
1076 1030 1247 1081 1895—6)
1283 1030 1363 1068 sive
1394 1044 1481 1069 eam

146 1109 265 1146 quam
287 1096 423 1143 Goetz‚
449 1097 601 1143 Loewe,
627 1097 784 1134 Schoell
814 1094 892 1146 (ap.
920 1096 1134 1143 Teubner.,
1156 1095 1324 1146 Lipsiae,
1353 1098 1481 1134 1881-

150 1161 231 1211 94),
250 1173 291 1199 se
311 1169 524 1200 convertat.
586 1163 676 1199 Hac
698 1161 803 1200 enim
832 1161 871 1199 in
898 1162 1156 1200 adnotatione
1177 1175 1306 1212 neque
1328 1175 1484 1201 scaena-

145 1240 231 1265 rum
253 1225 399 1265 titulis¹
420 1226 607 1276 (quorum
637 1240 732 1265 sane
760 1226 930 1265 maxima
957 1240 1044 1277 pars
1066 1226 1296 1277 perantiqua
1317 1227 1378 1265 vix
1400 1241 1485 1267 esse

145 1292 294 1343 potest)
317 1305 447 1343 neque
474 1305 731 1342 personarum
760 1294 863 1331 notis
892 1292 1011 1342 (quae
1032 1292 1071 1330 in
1099 1292 1238 1331 codice
1258 1295 1296 1331 A
1319 1307 1485 1332 evanue-

144 1367 243 1405 runt,
270 1358 310 1396 in
332 1357 471 1397 ceteris
493 1370 610 1407 saepe
631 1365 780 1396 temere
800 1365 891 1395 sunt
912 1357 1142 1409 dispositae)
1159 1372 1288 1408 neque
1301 1372 1484 1398 versuum

144 1424 354 1474 lyricorum
379 1422 473 1474 (nisi
503 1423 543 1461 in
564 1422 668 1474 AT)
697 1422 957 1461 divisionibus
986 1436 1115 1473 neque
1144 1424 1415 1473 discrepantiis
1440 1424 1485 1463 iis

145 1490 358 1529 levioribus
379 1501 482 1538 quae
503 1490 555 1527 ad
577 1488 895 1538 orthographiam
919 1490 1041 1527 solam
1059 1497 1238 1539 spectant
1253 1490 1312 1540 (ut
1328 1492 1487 1541 oppinor

145 1570 215 1607 pro
235 1556 381 1607 opinor,
404 1555 526 1604 etquis
546 1567 617 1603 pro
637 1555 767 1603 ecquis,
782 1555 1078 1604 plzz'lopolemeus
1098 1567 1170 1604 pro
1189 1556 1485 1607 Philopolemus)

144 1624 277 1661 locum
300 1620 404 1660 dedi.
467 1621 610 1670 Neque
633 1620 834 1657 Plautinas
856 1621 962 1669 apud
983 1620 1260 1670 grammaticos
1281 1621 1485 1660 citationes

145 1700 284 1726 omnes
319 1688 492 1736 recipere
527 1684 651 1735 potui,
689 1686 758 1723 sed
799 1687 1077 1724 tantummodo
1110 1700 1176 1725 eas
1206 1700 1307 1737 quae
1336 1687 1486 1737 aliquid

146 1753 237 1792 novi
259 1761 298 1792 et
319 1751 478 1805 pretiosi
499 1752 652 1790 adferre
672 1750 906 1789 videbantur
919 1750 941 1789 ².

189 1903 200 1923 ¹
229 1904 437 1935 Scaenarum
452 1899 641 1931 divisiones
655 1905 688 1930 et
707 1899 793 1929 tituli
811 1909 908 1938 quam
923 1909 1026 1940 saepe
1040 1900 1113 1939 plus
1125 1900 1330 1933 incommodi
1343 1901 1486 1942 legenti-

145 1956 207 1987 bus
227 1958 311 1995 (eg.
335 1955 424 1984 Men.
441 1952 482 1983 V.
504 1952 551 1991 iii,
573 1952 621 1993 iv)
639 1961 739 1991 quam
759 1951 923 1982 commodi
941 1951 1081 1982 afferant
1098 1954 1255 1992 exposuit
1273 1953 1344 1985 Leo
1357 1954 1483 1996 (Plaut.

146 2008 274 2039 Forsclz.
292 2018 329 2046 14
342 2006 405 2045 m),
420 2004 478 2044 qui
496 2004 528 2034 in
547 2003 694 2034 editione
711 2013 769 2034 sua
784 2009 913 2034 textum
933 2015 994 2043 per
1010 2010 1105 2034 actus
1119 2005 1272 2044 singulos
1289 2008 1485 2038 continuum

146 2060 306 2091 exhibuit.
356 2058 456 2097 Quod
484 2057 623 2097 quidem
650 2057 682 2086 in
704 2056 765 2086 hac
789 2057 940 2088 editione
963 2057 1112 2087 libenter
1135 2057 1291 2089 fecissem
1316 2059 1380 2089 nisi
1405 2060 1485 2090 mihi

145 2113 207 2143 alia
226 2113 300 2143 libri
319 2112 424 2142 forma
439 2108 649 2150 praescripta
666 2115 766 2139 esset.

191 2165 203 2183 ²
227 2165 422 2196 Cavendum
440 2174 521 2194 sane
538 2167 589 2193 est
611 2173 654 2192 ne
671 2162 859 2193 temerariis
881 2163 970 2202 apud
998 2163 1236 2201 grammaticos
1269 2163 1482 2196 citationibus

145 2218 246 2248 nimia
271 2217 356 2248 fides
381 2218 552 2248 tribuatur.
619 2217 844 2247 Nihilominus
860 2217 990 2254 vellem,
1007 2217 1035 2247 si
1060 2216 1220 2252 licuisset,
1235 2216 1349 2256 plures
1368 2227 1483 2248 earum

146 2281 231 2309 quae
263 2270 361 2300 simul
394 2271 528 2301 codices
560 2276 696 2302 nostros
730 2276 763 2301 et
796 2270 897 2301 huius
925 2271 1086 2301 editionis
1119 2275 1248 2301 textum
1281 2269 1483 2300 confirmant

147 2321 350 2361 admittere3
375 2333 451 2353 nam
472 2333 661 2354 consensus
689 2325 899 2363 grammatici
924 2325 1062 2356 alicuius
1091 2336 1166 2355 cum
1190 2324 1352 2355 alterutra
1369 2333 1482 2353 recen-

148 2372 244 2403 sione
269 2373 340 2405 sere
359 2379 490 2406 tantum
517 2375 728 2406 auctoritatis
754 2376 855 2407 habet
877 2382 1038 2416 quantum
1059 2388 1247 2408 consensus
1270 2377 1407 2406 duarum
1431 2384 1481 2404 re-

148 2425 347 2458 censionum
366 2426 464 2468 (ΑΡ)
476 2437 584 2469 neque
595 2428 670 2458 sine
683 2428 776 2466 gravi
793 2439 892 2459 causa
906 2430 1078 2460 contemni
1094 2429 1193 2460 debet
1205 2431 1247 2460 (e.
1259 2441 1289 2468 g.
1306 2429 1394 2459 Men.
1407 2427 1478 2467 98).

798 2498 820 2524 V
