1676 2722
420 449 899 500 PROLOGVS

481 585 827 623 MERcvruvs

104 672 187 711 ME.
220 673 284 710 VT
312 685 383 710 uos
413 671 453 710 in
483 670 625 710 uostris
655 671 771 709 uoltis
802 669 1068 710 mercimoniis

102 737 285 776 emundis
315 736 621 787 uendundisque
650 749 715 775 me
742 737 888 775 laetum
918 735 1034 774 lucris

102 802 271 840 adficere
299 810 418 852 atque
446 802 633 840 adiuuare
662 801 702 839 in
731 801 848 839 rebus
877 800 1074 849 omnibus,

103 875 141 905 et
170 874 212 906 ut
241 880 301 906 res
330 867 579 916 rationesque
608 874 831 906 nostrorum
861 867 1039 906 omniurn

65 932 205 981 5bene
230 932 414 982 expedire
443 932 560 970 uoltis
590 933 819 983 peregrique
848 940 887 973 et
915 933 1037 978 domi,
1459 943 1477 975 5

102 998 290 1048 bonoque
318 1005 437 1048 atque
465 999 599 1047 amplo
628 1004 785 1036 auctare
814 1005 1006 1048 perpetuo
1035 998 1144 1035 lucro

102 1076 279 1114 quasque
308 1062 509 1114 incepistis
538 1076 598 1102 res
628 1076 806 1114 quasque
835 1062 1095 1114 inceptabitis.

102 1137 140 1168 et
169 1128 225 1168 uti
255 1128 371 1167 bonis
400 1141 473 1167 uos
502 1136 738 1179 nostrosque
767 1128 897 1167 omnis
927 1127 1075 1167 nuntiis

103 1207 167 1233 me
194 1195 364 1233 adficere
393 1193 522 1242 uoltis,
553 1207 600 1233 ea
628 1193 814 1241 adfera'tm,
846 1206 892 1232 ea
921 1200 963 1232 ut
992 1193 1171 1232 nuntiem

42 1275 85 1302 10
102 1272 205 1310 quae
234 1272 416 1298 maxume
445 1258 485 1297 in
515 1272 596 1297 rem
627 1266 801 1297 nostram
831 1271 1087 1297 communem
1117 1258 1219 1297 sient
1460 1273 1499 1297 10

102 1325 211 1375 (nam
241 1338 313 1363 uos
343 1324 505 1374 quidem
535 1323 576 1362 id
605 1323 683 1362 iam
713 1322 820 1362 scitis
849 1335 1083 1362 concessum
1112 1330 1151 1362 et
1179 1323 1318 1363 datum

102 1389 155 1428 mi
184 1404 270 1429 esse
298 1390 349 1428 ab
379 1389 439 1428 dis
468 1389 565 1437 aliis,
598 1388 746 1428 nuntiis
775 1388 943 1439 praesim
974 1396 1011 1427 et
1041 1388 1192 1439 lucr0):

102 1457 200 1494 haec
229 1463 271 1494 ut
300 1469 364 1495 me
392 1455 510 1494 uoltis
538 1455 770 1505 adprobare,
800 1454 969 1494 adnitier

103 1522 254 1560 lucrum
285 1529 326 1560 ut
355 1534 529 1572 perenne
557 1520 673 1559 uobis
702 1533 858 1571 semper
886 1527 1080 1571 suppetat,

44 1598 84 1636 15
103 1585 156 1624 ita
185 1585 276 1625 huic
305 1585 454 1625 facietis
484 1586 640 1624 fabulae
669 1585 869 1624 silentium
1460 1600 1498 1634 15

102 1650 234 1702 itaque
262 1651 378 1702 aequi
407 1659 446 1690 et
475 1651 565 1690 iusti
594 1650 659 1690 hic
688 1651 793 1690 eritis
822 1664 962 1690 omnes
990 1650 1134 1690 arbitri.

158 1719 276 1757 Nunc
305 1717 462 1769 quoiius
490 1718 598 1757 iussu
628 1717 748 1757 uenio
777 1725 815 1757 et
844 1718 964 1769 quaim
994 1718 1048 1757 ob
1077 1731 1158 1757 rem
1189 1717 1365 1757 uenerim

103 1782 233 1821 dicam
263 1783 459 1833 simulque
489 1783 572 1833 ipse
602 1784 765 1833 eloquar
794 1796 941 1822 nomen
972 1796 1116 1821 meum.

105 1848 205 1888 Ioui’
235 1848 342 1888 iussu
372 1849 513 1888 uenio:
545 1862 692 1887 nomen
725 1848 961 1887 Mercuriost
992 1848 1112 1887 mihi:

42 1930 88 1956 20
105 1922 214 1964 pater
242 1915 320 1954 huc
350 1928 413 1953 me
443 1914 547 1953 misit
576 1915 627 1953 ad
657 1927 729 1953 uos
760 1920 913 1953 oratum
944 1927 1054 1952 meus
1071 1929 1081 1962 3
1460 1926 1501 1949 20

105 1988 184 2018 tam
214 1980 286 2019 etsi
314 1993 386 2030 pro
415 1979 580 2030 imperio
609 1979 724 2019 uobis
754 1980 863 2030 quod
893 1979 1043 2019 dictum
1073 1981 1171 2018 foret

105 2044 230 2084 scibat
258 2046 440 2092 facturos,
471 2045 619 2095 quippe
649 2044 716 2095 qui
747 2044 988 2083 intellexerat

104 2109 229 2149 uereri
257 2123 330 2149 uos
358 2123 401 2149 se
429 2118 468 2149 et
498 2118 683 2158 metuere,
712 2109 765 2148 ita
794 2118 835 2148 ut
864 2123 1034 2160 aequom
1065 2118 1123 2148 est
1154 2111 1294 2148 Iouem
1309 2125 1321 2157 3

105 2189 242 2214 uerum
271 2176 448 2226 profecto
477 2176 555 2214 hoc
584 2182 717 2226 petere
747 2188 810 2213 me
839 2175 1014 2225 precario

44 2253 86 2290 25
106 2253 129 2278 a
157 2240 272 2279 uobis
301 2240 412 2279 iussit
441 2240 579 2279 leniter
608 2239 724 2279 dictis
754 2239 879 2278 bonis.
1460 2252 1497 2285 ²5

107 2305 253 2344 etenim
283 2305 348 2344 ille
377 2305 520 2356 quoius
550 2306 628 2344 huc
657 2305 765 2344 iussu
795 2305 926 2352 uenio,
960 2305 1137 2355 Iuppiter

141 2416 160 2444 5
185 2407 214 2437 b.
235 2417 287 2437 me
300 2417 376 2447 exp.
393 2406 538 2443 Leman.
559 2408 625 2438 Leo
678 2419 699 2447 9
724 2409 831 2439 seram
847 2407 992 2444 Loman,
1012 2408 1066 2438 cui
1079 2411 1119 2438 ea
1135 2407 1285 2439 adseram
1302 2406 1441 2449 displicc!

107 2453 154 2483 uti
171 2451 240 2483 edd.
398 2462 435 2492 19
460 2451 630 2484 Mercurio
648 2457 699 2484 est
716 2451 790 2485 Ital.
809 2463 814 2481 :
842 2452 1043 2485 mercuriest
1059 2450 1126 2485 cod.
