1727 2702
120 100 195 140 111.
225 112 254 140 v
635 107 681 144 T.
716 107 896 147 MACCI
929 109 1133 149 PLAVTI
1694 104 1709 176 ἰ-

329 216 398 254 Lv.
431 216 527 266 quid
547 224 606 255 est
626 217 696 255 id?
753 220 823 257 ΡΛ.
854 219 971 258 timor
991 221 1193 272 praepedit
1213 222 1318 261 dicta
1336 222 1500 273 linguae.

155 294 196 326 30
221 281 289 318 Lv.
313 294 474 330 possum
489 281 589 321 scire
603 295 678 333 ego
693 282 793 321 istuc
809 297 855 322 ex
871 291 908 322 te
925 284 1021 335 quid
1037 286 1169 335 negoti
1184 288 1270 325 est?
1308 288 1377 325 ΡΑ.
1399 287 1542 327 dicam.

327 354 392 384 tua
411 346 563 394 ancilla,
586 360 706 398 quam
727 355 768 387 tu
789 355 858 387 tuo
878 349 996 388 uilico
1017 350 1076 388 uis
1562 354 1606 401 65
1613 363 1630 401 5

325 411 419 449 dare
438 424 610 460 uxorem,
633 425 681 451 ea
699 412 932 452 intus—LV.
963 414 1059 464 quid
1081 415 1213 454 intus?
1241 416 1337 466 quid
1358 418 1446 456 est?

326 476 395 514 ΡΑ.
426 475 599 515 imitatur
618 479 808 516 malarum
829 479 973 516 malam
993 479 1252 530 disciplinam,

378 540 463 579 uiro
482 554 585 591 quae
604 554 678 581 suo
697 542 968 582 interminatur
984 559 991 582 ε
1021 544 1196 583 uitam—

153 617 193 649 35
217 605 287 644 ΙΝ.
318 605 416 656 quid
463 608 584 656 ergo?
666 608 734 646 ΡΑ.
767 608 946 646 ah—Lr.
988 606 1084 658 ‘quid
1132 612 1218 648 est?
1302 613 1370 650 ΡΑ.
1406 612 1543 652 intere-

1053 675 1266 714 mere—ait
1285 678 1387 715 uelle
1407 677 1539 724 uitam,

267 736 570 785 gladium—LV.
589 738 700 776 hem!
721 739 790 777 ΡΑ.
805 738 1107 788 gladium—Lx:
1131 740 1226 790 quid
1240 755 1330 779 eum
1343 741 1543 791 gladium?
1559 745 1632 780 660

270 802 339 839 ΡΑ.
371 801 501 841 habet.
561 803 631 841 Lv.
664 802 700 841 ei
721 803 864 842 misero
885 804 998 842 mihi!
1029 818 1102 854 qur
1121 818 1211 843 euin
1233 806 1381 844 habet?

378 868 446 906 ΡΑ.
478 867 691 906 insectatur
710 868 840 906 omnis
860 868 969 907 dorni
990 883 1059 919 per
1077 869 1186 908 aedis

376 945 450 971 nec
470 945 712 983 quemquam
732 945 855 983 prope
874 935 924 972 ad
945 947 986 972 se
1006 933 1097 972 sinit
1116 934 1246 974 adire:

151 1017 195 1049 40
324 997 378 1036 ita
396 1010 534 1036 omnes
554 998 628 1036 sub
648 997 758 1045 arcis,
780 999 855 1037 sub
875 999 984 1037 lectis
1005 1000 1169 1038 latentes

324 1069 432 1100 metu
452 1062 669 1101 mussitant.
731 1063 800 1101 Lv.
833 1063 960 1102 occidi
981 1072 1099 1114 atque
1119 1064 1244 1103 interii
1264 1068 1272 1104 Ξ
1562 1071 1628 1115 665

321 1126 419 1177 quid
439 1126 517 1165 illic
537 1127 775 1166 obiectumst
795 1127 886 1166 mali
908 1136 986 1166 tam
1008 1131 1197 1179 repente?

323 1194 392 1231 ΡΑ.
424 1192 577 1231 insanit.
639 1194 708 1232 Lv.
741 1193 1074 1232 scelestissumurn
1096 1209 1159 1233 mc
1179 1209 1265 1233 esse
1283 1198 1414 1235 credo.

324 1259 391 1296 ΡΑ.
423 1258 546 1295 immo
567 1257 597 1295 si
618 1258 718 1296 scias
738 1258 845 1296 dicta
864 1272 966 1309 quae
986 1259 1081 1298 dixit
1103 1260 1233 1301 hodie.

150 1339 191 1371 45
323 1323 392 1361 Lv.
425 1322 525 1361 istuc
545 1331 686 1373 expeto
706 1323 813 1362 scire.
874 1324 971 1374 quid
990 1324 1116 1363 dixit?
1172 1327 1240 1363 ΡΑ.
1272 1325 1376 1364 audi.

321 1400 390 1438 per
409 1387 539 1425 omnis
559 1389 655 1426 deos
676 1395 714 1426 et
734 1389 828 1427 deas
848 1388 1048 1436 deierauit‚
1560 1396 1631 1440 670

320 1451 542 1490 occisurum
563 1466 654 1490 curn
676 1454 749 1491 hac
771 1461 888 1492 nocte
908 1454 1068 1503 quicum
1091 1455 1262 1493 cubaret.

320 1518 390 1555 Lv.
425 1531 516 1556 men
545 1517 729 1556 occidet?
805 1520 872 1556 ΡΛ.
908 1532 958 1556 an
989 1519 1190 1570 quippiam
1220 1521 1271 1558 ad
1301 1528 1339 1558 te
1371 1520 1540 1558 attinet?

1338 1586 1406 1622 Lx'.
1439 1586 1516 1622 uah
1533 1587 1539 1622 l

322 1648 390 1685 ΡΑ.
422 1647 520 1697 quid
552 1660 643 1686 curn
679 1661 725 1686 ea
758 1648 889 1697 negoti
920 1648 1057 1687 tibist?
1124 1650 1195 1687 Lv.
1228 1649 1394 1687 Peccaui
1412 1665 1418 1687 :
1449 1649 1540 1687 illuc
1559 1654 1676 1699 673—4

983 1713 1124 1760 dicere,
1147 1713 1320 1760 uilicum,
1342 1713 1536 1752 uolebam.

150 1795 191 1828 50
322 1778 389 1815 ΡΑ.
422 1776 550 1815 sciens
570 1778 620 1815 de
642 1777 705 1815 uia
725 1777 764 1815 in
785 1777 965 1816 semitam
986 1779 1209 1827 degrederc.
1559 1783 1626 1829 675

322 1842 390 1879 ΙΝ.
424 1855 519 1880 num
540 1842 636 1891 quid
658 1842 752 1880 mihi
775 1842 972 1880 minatur?
1031 1844 1098 1881 ΡΑ.
1131 1843 1199 1882 tibi
1222 1843 1363 1882 infesta
1382 1843 1491 1882 solist

214 1908 300 1957 plus
321 1919 439 1956 quam
461 1906 687 1957 quoiquam.
749 1909 818 1945 Lr.
851 1908 1140 1957 quamobrem?
1197 1909 1265 1946 ΡΑ.
1298 1909 1390 1958 quia
1409 1922 1450 1946 se
1470 1909 1540 1947 des

1116 1987 1275 2011 uxorem
1298 1973 1538 2024 Olympioni,

212 2050 340 2087 neque
361 2050 402 2075 se
423 2045 530 2075 tuam
552 2051 625 2075 nec
646 2050 756 2075 suam
778 2051 906 2087 neque
927 2038 998 2076 uiri
1020 2038 1139 2076 uitam
1162 2038 1287 2077 sinere
1308 2039 1346 2076 in
1367 2039 1495 2077 crasti-
1557 2044 1700 2090 678-80

1073 2117 1166 2141 num
1189 2105 1366 2154 protolli:
1399 2104 1437 2142 id
1462 2105 1540 2142 huc

252 2174 315 2213 654
342 2173 438 2214 [quid
460 2172 528 2213 est]
554 2182 688 2212 possum
715 2173 814 2214 P(cx
832 2185 859 2206 v.
884 2175 969 2214 653;
997 2175 1038 2207 iv.
1063 2175 1098 2215 3)
1276 2176 1339 2214 655
1364 2180 1398 2206 tu
1420 2185 1485 2206 om.
1512 2174 1544 2204 Ρ

209 2217 274 2255 658
297 2226 357 2246 suo
382 2226 468 2255 quae
503 2217 590 2247 inter
616 2217 762 2247 minatur
788 2217 821 2247 P
929 2218 1166 2249 interminatur
1190 2228 1234 2248 an
1261 2224 1350 2248 ·etur
1374 2219 1476 2249 inm-t.
1504 2218 1537 2248 A

209 2261 272 2298 663
297 2269 374 2290 sese
392 2259 494 2289 Bothe
574 2260 653 2299 sort.
674 2261 762 2291 sinc-t
889 2263 952 2299 665
977 2262 1026 2291 vel
1040 2261 1175 2292 interiui
1302 2263 1366 2291 666
1389 2262 1535 2292 maltiam

212 2303 361 2342 witlam)
375 2302 408 2333 Ρ
493 2305 557 2342 670
582 2303 746 2334 delerauit
763 2314 799 2334 se
815 2305 845 2334 A
947 2306 1005 2343 671
1035 2305 1217 2335 occisuram
1235 2306 1267 2335 A
1288 2305 1322 2345 (i.
1341 2305 1375 2344 9)
1474 2306 1538 2344 672

212 2345 304 2386 rnen]
321 2356 374 2377 rne
393 2346 425 2375 Ρ
536 2349 598 2386 675
624 2347 800 2385 degredirc
820 2348 948 2387 Benthy
1065 2349 1130 2387 676
1154 2357 1229 2378 nam
1246 2349 1278 2378 A
1409 2348 1534 2385 678»8ῐ

203 2389 291 2428 fines
310 2390 457 2419 urnulam·
472 2389 506 2420 P
520 2392 666 2430 (propter
679 2389 855 2420 laceratam
871 2391 1034 2430 paginam
1051 2393 1084 2421 in
1102 2391 1155 2422 ΡΛ
1171 2402 1177 2429 ;
1202 2391 1244 2422 iii.
1261 2390 1298 2431 8)
1385 2391 1449 2429 678
1475 2399 1538 2421 nee

213 2433 284 2473 [sel
303 2442 395 2463 suam
415 2431 448 2462 Ρ
532 2433 645 2462 sinere
664 2431 715 2470 in']
733 2433 784 2463 sin
804 2433 834 2463 Ρ
