1727 2702
216 96 263 134 V.

284 95 298 133 i
697 97 744 134 T.
778 96 960 136 MACCI
992 97 1196 135 PLAVTI

283 207 417 246 omnia
438 209 539 246 mala
559 207 760 258 ingerebat
781 220 1022 257 quemquern
1042 214 1255 258 aspexerat.

282 271 414 323 itaque
434 274 536 311 adeo
557 272 638 311 iure
658 280 799 323 coepta
818 272 1005 323 appellari
1028 279 1086 311 est
1108 273 1249 312 Canes.

284 339 368 376 MA.
400 351 482 377 non
502 351 575 388 ego
595 337 716 376 istaec
737 337 882 388 flagitia
902 351 1064 387 possum
1085 337 1247 389 perpeti.

225 416 264 438 20
283 417 374 441 narn
396 405 487 443 med
507 410 675 442 aetatem
697 403 858 442 uiduam
886 402 890 456 Ι
916 417 1002 443 esse
1023 403 1207 443 mauelim

282 481 401 518 quarn
423 468 542 508 istaec
563 459 713 519 flagitia
727 476 794 507 tua
814 469 893 520 pati
915 482 1017 520 quae
1037 476 1078 508 tu
1099 469 1204 508 facis.

283 534 397 571 ΜΕΝ.
430 533 526 583 quid
547 533 587 572 id
607 535 658 573 ad
679 547 755 581 me,
777 541 819 572 tu
841 541 879 573 te
900 541 1064 585 nuptam
1086 534 1213 585 possis
1233 533 1383 585 perpeti

279 612 330 637 an
350 598 402 636 sis
421 598 574 637 abitura
593 612 616 637 a
636 606 705 637 tuo
727 598 841 638 uiro?
869 612 920 637 an
943 612 1027 637 mos
1049 599 1112 638 hic
1134 599 1186 638 ita
1206 607 1264 638 est

280 663 484 713 peregrino
505 671 547 702 ut
566 663 795 702 aduenienti
821 671 977 702 narrent
997 665 1148 703 fabulas
1165 666 1181 703 ?

222 743 259 776 ²5
281 731 364 768 MA.
397 742 494 780 quas
516 731 699 768 fabulas?
754 743 847 777 non,
870 729 1045 780 inquam,
1067 730 1191 780 patiar
1211 731 1448 780 praeterhac,

278 794 374 844 quin
396 794 516 833 uidua
537 794 669 833 uiuam
690 808 810 845 quam
831 802 919 833 tuos
941 795 1069 833 mores
1093 796 1294 845 perferam.

279 859 395 898 ΜΕΝ.
428 873 516 898 mea
537 859 697 910 quidem
720 861 851 899 hercle
873 873 1010 898 caussa
1031 859 1151 897 uidua
1172 859 1297 897 uiuito

277 925 340 963 uel
361 937 486 975 usque
507 926 603 963 dum
625 938 788 975 regnum
809 924 1005 975 optinebit
1028 924 1214 975 Iuppiter.

278 990 361 1027 ΜΑ.
393 997 433 1028 at
454 989 548 1028 mihi
570 990 741 1040 negabas
763 990 915 1028 dudum
937 989 1181 1039 surrupuisse
1201 996 1251 1036 te,

217 1070 258 1101 30
276 1067 382 1093 nunc
403 1056 571 1093 eandem
592 1062 683 1094 ante
703 1056 840 1094 oculos
860 1054 1038 1093 adtines:
1069 1068 1150 1092 non
1171 1062 1209 1093 te
1229 1055 1382 1104 pudet?

217 1391 255 1425 35

277 1121 392 1158 MEN.
425 1133 474 1158 eu
495 1121 648 1158 hercle!
679 1120 827 1167 mulier,
852 1121 1020 1158 multum
1041 1127 1078 1158 et
1099 1121 1227 1158 audax
1247 1127 1285 1157 et
1306 1120 1448 1157 mala’s.

274 1192 344 1223 tun
365 1185 436 1224 tibi
458 1187 560 1224 hanc
582 1193 801 1236 surruptam
823 1185 954 1224 dicere
974 1186 1098 1224 audes
1118 1198 1236 1235 quarn
1259 1184 1355 1223 mihi

274 1251 384 1290 dedit
405 1251 481 1290 alia
502 1250 640 1289 mulier
661 1258 703 1289 ut
724 1251 1044 1289 concinnandam
1066 1252 1234 1289 darem?

277 1317 360 1354 ΜΑ.
393 1329 443 1354 ne
463 1316 564 1354 istuc
586 1315 911 1355 mecastor—iam
935 1323 1084 1366 patrem
1105 1328 1302 1353 accersam
1324 1328 1457 1353 meum

273 1388 392 1432 atque
413 1380 448 1419 ei
470 1382 637 1420 narrabo
657 1389 724 1419 tua
744 1381 888 1431 flagitia
908 1394 1010 1431 quae
1030 1380 1134 1419 facis.

272 1447 296 1495 i,
321 1446 458 1494 Decio,
482 1460 625 1497 quaere
646 1460 778 1485 meum
800 1453 963 1496 patrem,
986 1453 1116 1485 tecum
1138 1445 1254 1484 simul

272 1519 314 1551 ut
335 1511 468 1551 ueniat
487 1512 538 1550 ad
559 1525 622 1550 me
642 1527 648 1549 :
679 1513 731 1550 ita
751 1524 832 1550 rem
859 1510 865 1563 Ι
890 1524 975 1550 esse
996 1511 1129 1550 dicito.

272 1577 349 1616 iam
371 1590 444 1627 ego
464 1577 636 1627 aperiam
657 1576 777 1615 istaec
798 1584 864 1615 tua
885 1576 1039 1627 flagitia.
1103 1578 1216 1614 ΜΕΝ.
1250 1589 1373 1615 sanan
1394 1577 1465 1615 es?

273 1655 374 1693 quae
395 1655 483 1680 mea
503 1642 679 1692 flagitia?
738 1643 819 1680 ΜΛ.
852 1643 996 1692 pallam
1023 1640 1027 1693 Ι
1053 1649 1173 1692 atque
1193 1655 1331 1680 aurum
1353 1654 1485 1679 meum

272 1708 396 1746 domo
416 1706 589 1757 suppilas
610 1714 700 1745 tuae
721 1706 829 1745 uxori
856 1705 861 1759 Ι
887 1714 925 1745 et
946 1715 1036 1746 tuae

271 1773 424 1823 degeris
443 1772 603 1811 amicae.
663 1772 763 1810 satin
785 1774 882 1811 haec
903 1781 1007 1811 recte
1029 1773 1210 1811 fabulor?

272 1839 387 1876 ΜΕΝ.
420 1850 569 1888 quaeso
590 1838 731 1884 hercle,
756 1837 903 1884 mulier,
929 1837 958 1875 si
981 1838 1068 1884 scis,
1093 1845 1267 1876 monstra
1287 1838 1396 1888 quod
1417 1836 1551 1875 bibam

271 1910 378 1942 tuam
399 1903 466 1953 qui
488 1902 635 1954 possim
657 1903 805 1954 perpeti
829 1903 1099 1954 petulantiam.

315 2008 377 2046 718
401 2006 575 2046 appellare
593 2006 657 2039 cod.
680 2008 772 2046 (corr.
790 2006 855 2047 B2)
878 2008 955 2047 (pro
972 2006 1033 2036 -rci
1047 2008 1073 2045 ἲ)
1210 2016 1272 2046 719
1296 2005 1396 2055 (tua)
1414 2006 1464 2037 ssa.
1482 2005 1606 2036 Ritschl

269 2051 322 2081 cm¹
342 2061 406 2089 ego
425 2051 430 2092 Ι
453 2051 557 2082 istaec
574 2050 715 2091 displicet
732 2051 829 2091 (sort.
852 2055 935 2085 recte,
956 2060 1036 2080 nam
1054 2060 1090 2080 ea
1113 2060 1176 2080 vox
1190 2050 1348 2089 frequens
1371 2061 1404 2080 m
1429 2060 1481 2080 ore
1503 2049 1604 2079 lmius

271 2097 454 2131 matronae>
546 2105 610 2134 720
633 2095 709 2125 med
728 2105 746 2125 a
764 2100 796 2125 te
816 2094 859 2124 3²¹
927 2093 1079 2135 (usquc)
1096 2104 1172 2124 csse
1186 2093 1323 2123 Redslob
1411 2103 1474 2133 723
1497 2093 1600 2123 adtuo

270 2137 335 2169 cod.
359 2140 451 2178 (corr.
468 2137 533 2178 13⁴2)
670 2148 779 2168 annos
800 2139 844 2168 ita
869 2142 920 2168 cst
946 2138 1009 2167 hoc
1032 2136 1097 2168 cod.
1117 2138 1173 2176 (an
1201 2147 1273 2167 mos
1292 2141 1320 2166 et
1344 2136 1398 2167 hic
1415 2136 1499 2168 3²2:
1525 2136 1596 2167 [ναί.

271 2182 373 2212 Bothe
499 2192 561 2222 729
595 2181 695 2213 Hanc
722 2182 800 2212 mihi
834 2181 935 2212 Bothe
1082 2190 1146 2219 730
1178 2181 1295 2211 eadem
1328 2179 1392 2210 cod.
1537 2189 1599 2219 735

270 2236 298 2256 a.
319 2226 484 2256 enarrabo
503 2225 575 2255 Ρςυ
671 2227 734 2264 736
757 2226 864 2255 deceo
881 2224 946 2255 cod.
996 2223 1043 2262 Cfi
1064 2223 1106 2255 K.
1127 2223 1279 2255 Schmidt
1297 2223 1428 2258 (Herm.
1448 2232 1498 2261 37,
1517 2223 1598 2262 388)

269 2279 375 2308 quare
392 2269 457 2301 cod.
475 2272 567 2301 (corr.
587 2269 652 2308 13²)
745 2278 805 2307 737
830 2269 880 2299 vel
895 2268 970 2299 med
1053 2277 1120 2298 rem
1139 2265 1296 2309 (natam)
1313 2277 1340 2298 e.
1355 2266 1481 2297 Ritschl
1496 2277 1502 2296 :
1517 2266 1596 2304 fini.

271 2323 339 2343 rem
359 2318 467 2343 natam
491 2314 570 2344 (om.
584 2322 660 2342 csse
679 2323 685 2350 ;
711 2323 740 2343 v.
760 2313 791 2345 ι)
904 2322 966 2351 739
990 2311 1096 2350 pallas
1114 2310 1234 2341 Vahlen
1250 2310 1300 2350 (rs.
1321 2310 1386 2348 803
1405 2309 1524 2349 pallam
1537 2314 1600 2349 pro

271 2357 377 2395 pallas
386 2367 392 2391 )
506 2367 570 2395 740
594 2357 706 2386 uxoris
726 2359 733 2378 s
743 2358 750 2380 ἲ
757 2365 766 2395 )
787 2355 861 2395 Leo,
881 2355 937 2385 sed
951 2354 1021 2387 vide
1037 2365 1075 2385 ne
1090 2364 1202 2385 versus
1217 2354 1342 2385 hiantes
1358 2363 1433 2384 cum
1449 2351 1598 2393 singulti-

269 2401 350 2431 entis
364 2400 518 2430 locutione
531 2403 715 2439 congenan!
