1727 2712
676 108 995 147 MERCATOR
1451 107 1499 143 V.
1519 105 1549 141 ii

87 228 154 273 885
174 236 225 262 ne
244 236 358 274 pane,
379 222 581 262 restituam
601 223 680 260 iam
699 235 774 271 ego
793 229 832 260 te
851 220 891 260 in
911 221 1058 272 gaudio
1076 220 1242 270 antiquo
1262 227 1305 258 ut
1325 219 1411 259 sies.
1525 234 1565 265 45

174 301 357 326 maxume
377 288 486 338 quod
506 286 567 326 uis
585 286 733 333 audire,
755 286 796 324 id
816 286 964 333 audies,
987 287 1096 336 quod
1116 287 1300 336 gaudeas.

174 361 234 391 sta
253 353 357 401 ilico,
376 350 505 404 (nam)
518 350 668 390 amicus
688 349 854 403 (amico)
870 343 1044 389 aduenio
1059 352 1228 388 multum
1248 350 1504 388 beneuolenS.

174 426 282 457 tuam
302 418 605 457 amicam—CH.
628 416 725 467 quid
744 417 862 454 eam?
919 418 991 454 Ev.
1013 416 1083 454 ubi
1103 416 1152 454 sit
1182 429 1255 466 ego
1282 415 1374 453 scio.
1427 415 1504 454 CH.

1183 488 1288 527 tune,
1312 480 1507 530 opsecro?

176 550 249 587 Ev.
280 562 414 587 sanam
446 555 485 587 et
519 548 679 586 saluam.
745 547 822 586 CH.
854 546 922 585 fibi
957 559 1044 585 eam
1079 547 1259 584 saluam?
1330 546 1401 582 Ev.
1433 557 1507 594 ego

864 611 956 650 scio.
1019 612 1095 651 CH.
1128 624 1201 661 ego
1222 623 1286 648 me
1306 609 1503 647 mauelim.

88 681 158 725 890
176 680 248 717 Ev.
280 678 390 729 potin
413 686 455 717 ut
475 678 609 717 animo
628 678 680 716 sis
701 677 942 728 tranquillo?
999 678 1076 716 CH.
1108 676 1205 726 quid
1225 675 1257 713 si
1277 674 1331 712 mi
1350 674 1505 712 animus
1525 684 1568 716 50

1314 741 1477 778 fluctuat
1491 741 1507 778 ?

175 811 247 847 EV.
280 822 353 859 ego
373 808 492 847 istum
512 808 552 846 in
574 809 795 859 tranquillo,
818 807 964 858 quieto,
987 814 1074 845 tuto
1095 806 1228 845 sistam
1246 821 1253 844 ε
1283 819 1334 843 ne
1354 805 1458 843 time.

175 875 252 913 CH.
284 887 450 924 opsecro
470 881 520 920 te,
542 874 705 923 loquere
723 871 924 925 (propere)
944 872 1010 910 ubi
1033 872 1092 918 sit,
1115 871 1183 910 ubi
1204 884 1291 909 earn
1312 870 1469 909 uideris.

173 938 270 989 quid
291 940 426 977 taces?
454 938 553 976 dice.
608 937 740 976 enicas
761 951 825 975 me
845 937 1032 975 miserum
1053 944 1121 974 tua
1140 935 1353 974 reticentia.

174 1006 248 1043 Ev.
279 1017 361 1042 non
381 1005 498 1054 longe
524 1003 617 1041 hinc
640 1004 752 1042 abest
777 1016 801 1041 a
828 1002 955 1041 nobis.
1016 1003 1093 1042 CH.
1126 1001 1222 1051 quin
1250 999 1375 1054 [ergo]
1403 1014 1507 1039 com-

1090 1074 1269 1114 mostras‚
1289 1066 1344 1105 sei
1365 1066 1507 1105 uides?

90 1138 155 1182 895
177 1137 249 1174 Ev.
281 1149 362 1173 non
389 1134 509 1174 uideo
535 1136 666 1174 hercle
694 1148 811 1182 nunc,
834 1135 904 1173 sed
930 1133 1013 1172 uidi
1042 1134 1174 1171 modo.
1234 1133 1312 1171 CH.
1345 1131 1412 1182 qui
1433 1134 1506 1181 e'go
1524 1145 1566 1179 55

1205 1197 1363 1236 uideam
1384 1197 1478 1235 facis
1491 1200 1508 1235 ?

177 1267 250 1304 Ev.
269 1265 421 1304 faciam.
473 1266 551 1305 CH.
570 1265 849 1315 longum‘istuc
864 1263 1059 1303 amantist.
1111 1265 1183 1302 Ev.
1202 1262 1319 1301 etiam
1337 1262 1508 1301 metuis?

1375 1327 1509 1366 onmia

176 1397 481 1435 commostrabo.
541 1396 704 1435 amicior
725 1395 821 1434 mihi
842 1396 973 1433 nullus
994 1394 1092 1432 uiuit
1111 1401 1231 1444 atque
1251 1393 1282 1432 is
1303 1400 1362 1432 est

177 1461 244 1513 qui
283 1462 388 1500 illam
427 1462 548 1500 habet
586 1474 716 1511 neque
755 1468 814 1499 est
846 1459 941 1511 quoi
979 1459 1093 1509 magi'
1133 1472 1196 1497 me
1234 1458 1373 1496 melius
1407 1459 1509 1497 uelle

1231 1536 1402 1573 aequom
1423 1523 1506 1562 siet.

178 1592 257 1631 CH.
288 1604 369 1630 non
389 1604 485 1630 curo
511 1591 652 1636 istunc,
674 1591 726 1630 de
745 1590 811 1629 illa
836 1603 995 1641 quaero.
1054 1590 1127 1627 EV.
1159 1590 1210 1628 de
1236 1588 1301 1626 illa
1325 1602 1416 1639 ergo
1436 1602 1509 1639 ego

1313 1653 1404 1692 dico
1425 1653 1505 1692 tibi.

222 1763 287 1800 885
321 1761 444 1800 gaudio
472 1761 611 1800 antiquo
641 1760 776 1790 Luchs:
809 1759 1052 1798 gaudiantique
1081 1758 1144 1789 cod.
1304 1757 1370 1787 886
1392 1758 1510 1788 audies

180 1805 404 1837 Camerarius:
425 1805 523 1835 audis
536 1804 601 1834 md.
692 1804 755 1842 887
781 1813 857 1833 nam
874 1801 951 1833 add.
966 1802 1092 1832 Ritsclzl
1178 1800 1285 1831 amico
1303 1801 1377 1831 add.
1388 1802 1430 1840 (2')
1445 1800 1510 1831 Leo

723 1855 740 1871 Π

179 1884 267 1914 bene
284 1882 380 1913 uoles
397 1881 460 1913 cod.
587 1882 651 1911 888
674 1886 767 1911 turne
784 1879 849 1910 cod.
869 1883 906 1910 ut
920 1879 983 1910 vid.
1005 1878 1107 1919 (unde
1122 1884 1213 1909 turne
1232 1877 1401 1918 [atumne]
1418 1877 1508 1918 PCD)

179 1927 239 1966 (iv.
259 1927 291 1965 1)
389 1926 454 1964 889
480 1924 579 1968 [quo]
607 1935 671 1964 ego
686 1923 789 1964 B(iv.
809 1925 845 1963 3)
938 1923 1005 1962 890
1028 1921 1241 1961 tranquillam
1259 1921 1322 1952 cod.
1341 1921 1438 1963 (corr.
1448 1921 1508 1961 B2)

178 1971 207 2000 si
234 1970 278 1999 mi
298 1969 429 1999 animus
451 1969 635 1999 Buecheler:
661 1969 728 1998 sint
754 1967 901 1997 antimus
919 1967 1064 2006 (animus
1088 1964 1151 2005 D2)
1179 1965 1261 1995 cod.:
1285 1965 1396 1996 sista.
1419 1967 1508 2004 (cum

178 2014 354 2044 fluctuans}
384 2011 520 2052 Seyffert
624 2012 784 2042 fluctuant
811 2010 876 2041 cod.
907 2010 982 2050 (vix
1000 2015 1062 2050 pro
1087 2010 1279 2045 fluctuanst)
1388 2010 1448 2047 891
1475 2009 1509 2039 in

178 2057 389 2095 transquieto
403 2061 474 2086 tuto
487 2056 601 2086 sistam
614 2055 682 2085 cod.
698 2067 704 2085 :
730 2065 808 2086 corr.
820 2052 955 2094 quffi’rt
1042 2053 1104 2093 892
1128 2062 1274 2092 propere
1291 2051 1370 2082 add.
1387 2051 1512 2082 Ritschl

178 2101 241 2138 893
267 2099 444 2129 reticentia
454 2098 584 2129 Merula
600 2111 607 2129 ε
632 2099 782 2129 recentia
798 2097 867 2128 cod.
882 2099 927 2137 (v.
943 2097 978 2135 8)
1084 2097 1148 2135 894
1173 2107 1192 2126 a
1209 2096 1306 2126 nobis
1322 2095 1379 2126 del.
1395 2095 1509 2125 Came-

178 2144 288 2173 rarius
361 2153 444 2181 ergo
454 2143 513 2173 del.
525 2142 659 2173 Guietus
733 2141 762 2172 si
778 2141 822 2172 ui.
840 2139 976 2172 Guietus
992 2140 1032 2179 (si
1048 2144 1082 2170 tu
1095 2141 1141 2170 ui.
1155 2139 1244 2178 Ital„
1260 2139 1483 2177 Camerarius)
1502 2150 1509 2168 ε

177 2191 230 2217 set
269 2185 337 2227 [ut]
373 2186 416 2216 ui.
452 2185 514 2216 cod.
551 2186 612 2224 (iv.
645 2185 680 2225 3)
828 2185 892 2224 895
925 2184 986 2215 sed
1014 2184 1085 2214 uidi
1110 2183 1184 2214 Ital.
1204 2195 1210 2213 ι
1244 2184 1287 2213 sit
1311 2183 1414 2213 uidim
1441 2182 1508 2212 cod.

177 2230 235 2270 qui
247 2230 370 2270 scripsi:
391 2240 491 2268 quern
504 2229 570 2259 cod.
583 2230 619 2270 (i.
630 2232 685 2269 9):
710 2228 791 2268 quin
804 2227 879 2259 Ital.
971 2228 1070 2258 uidea
1086 2227 1151 2257 cod.
1245 2227 1310 2265 896
1334 2225 1510 2256 saciamlon

1417 2278 1432 2294 e

177 2317 253 2338 cum
274 2307 383 2337 istunc
406 2306 496 2337 cod.:
521 2316 600 2336 corr.
620 2305 748 2337 Pareus
849 2305 985 2345 metuis]
1008 2305 1156 2336 emutuis
1180 2303 1253 2333 ΡΟ)
1280 2305 1356 2343 (pro
1372 2308 1456 2333 mut·
1467 2303 1506 2343 2),

178 2349 264 2380 unde
279 2350 396 2380 muttis
412 2349 629 2381 Studemund
713 2350 775 2389 897
800 2348 1089 2380 commonstrabor
1104 2346 1169 2378 cod.
1261 2347 1326 2386 898
1350 2346 1400 2377 vel
1413 2356 1509 2386 mage

176 2404 230 2424 me
244 2394 331 2424 uelle
346 2393 431 2435 [me]
450 2394 570 2424 melius
586 2393 650 2424 cod.
669 2405 676 2423 :
699 2403 778 2425 corr.
801 2392 934 2424 Gm'etus
1032 2392 1120 2425 sient
1137 2390 1201 2422 cod.
1307 2391 1373 2429 899
1396 2400 1508 2424 curam

177 2438 220 2469 de
238 2438 322 2470 istuc
340 2438 406 2470 ulla
423 2437 506 2469 cod.:
530 2448 606 2467 corr.
627 2437 754 2467 Ritsclzl
