<?xml version="1.0" encoding="UTF-8"?>
<!DOCTYPE html PUBLIC "-//W3C//DTD XHTML 1.0 Transitional//EN"
    "http://www.w3.org/TR/xhtml1/DTD/xhtml1-transitional.dtd">
<html xmlns="http://www.w3.org/1999/xhtml" xml:lang="en" lang="en">
 <head>
  <title>
</title>
<meta http-equiv="Content-Type" content="text/html;charset=utf-8" />
  <meta name='ocr-system' content='tesseract 3.04.00' />
  <meta name='ocr-capabilities' content='ocr_page ocr_carea ocr_par ocr_line ocrx_word'/>
</head>
<body>
  <div class='ocr_page' id='page_1' title='image "./comoediaerecogno01plauuoft_0482.png"; bbox 0 0 1727 2702; ppageno 0'>
   <div class='ocr_carea' id='block_1_1' title="bbox 186 88 1696 135">
    <p class='ocr_par' dir='ltr' id='par_1_1' title="bbox 186 88 1696 135">
     <span class='ocr_line' id='line_1_1' title="bbox 186 88 1696 135; baseline -0.001 -8"><span class='ocrx_word' id='word_1_1' title='bbox 186 88 233 127; x_wconf 90' lang='lat' dir='ltr'>V.</span> <span class='ocrx_word' id='word_1_2' title='bbox 254 101 285 127; x_wconf 94' lang='lat' dir='ltr'>v</span> <span class='ocrx_word' id='word_1_3' title='bbox 670 91 715 128; x_wconf 95' lang='lat' dir='ltr'>T.</span> <span class='ocrx_word' id='word_1_4' title='bbox 750 90 929 129; x_wconf 92' lang='lat' dir='ltr'>MACCI</span> <span class='ocrx_word' id='word_1_5' title='bbox 962 89 1165 127; x_wconf 90' lang='lat' dir='ltr'><strong>PLAVTI</strong></span> <span class='ocrx_word' id='word_1_6' title='bbox 1690 119 1696 135; x_wconf 75' lang='grc'>,</span> 
     </span>
    </p>
   </div>
   <div class='ocr_carea' id='block_1_2' title="bbox 192 201 1684 1936">
    <p class='ocr_par' dir='ltr' id='par_1_2' title="bbox 192 201 1684 1936">
     <span class='ocr_line' id='line_1_2' title="bbox 255 201 1479 242; baseline 0.001 -1"><span class='ocrx_word' id='word_1_7' title='bbox 255 215 346 241; x_wconf 87' lang='lat' dir='ltr'>nam</span> <span class='ocrx_word' id='word_1_8' title='bbox 368 203 520 242; x_wconf 90' lang='lat' dir='ltr'>dudum</span> <span class='ocrx_word' id='word_1_9' title='bbox 542 216 702 242; x_wconf 85' lang='lat' dir='ltr'>uxorem</span> <span class='ocrx_word' id='word_1_10' title='bbox 724 216 834 242; x_wconf 88' lang='lat' dir='ltr'>suam</span> <span class='ocrx_word' id='word_1_11' title='bbox 856 216 942 242; x_wconf 89' lang='lat' dir='ltr'>esse</span> <span class='ocrx_word' id='word_1_12' title='bbox 962 202 1092 241; x_wconf 83' lang='lat' dir='ltr'>aiebat</span> <span class='ocrx_word' id='word_1_13' title='bbox 1113 201 1308 242; x_wconf 82' lang='lat' dir='ltr'>rabiosam</span> <span class='ocrx_word' id='word_1_14' title='bbox 1329 215 1479 242; x_wconf 88' lang='lat' dir='ltr'>canem.</span> 
     </span>
     <span class='ocr_line' id='line_1_3' title="bbox 196 266 1583 319; baseline -0.001 -13"><span class='ocrx_word' id='word_1_15' title='bbox 196 280 234 312; x_wconf 83' lang='lat'>35</span> <span class='ocrx_word' id='word_1_16' title='bbox 257 268 370 306; x_wconf 81' lang='grc' dir='ltr'>ΜΕΝ.</span> <span class='ocrx_word' id='word_1_17' title='bbox 395 268 502 318; x_wconf 86' lang='lat' dir='ltr'>quid,</span> <span class='ocrx_word' id='word_1_18' title='bbox 525 269 627 318; x_wconf 86' lang='lat' dir='ltr'>ego?</span> <span class='ocrx_word' id='word_1_19' title='bbox 669 269 733 306; x_wconf 81' lang='lat' dir='ltr'>SE.</span> <span class='ocrx_word' id='word_1_20' title='bbox 756 267 851 307; x_wconf 85' lang='lat' dir='ltr'>dixti</span> <span class='ocrx_word' id='word_1_21' title='bbox 873 267 1044 314; x_wconf 77' lang='lat' dir='ltr'>insanus,</span> <span class='ocrx_word' id='word_1_22' title='bbox 1068 266 1242 318; x_wconf 86' lang='lat' dir='ltr'>inquam.</span> <span class='ocrx_word' id='word_1_23' title='bbox 1290 269 1404 306; x_wconf 84' lang='grc' dir='ltr'>ΜΕΝ.</span> <span class='ocrx_word' id='word_1_24' title='bbox 1428 268 1583 319; x_wconf 74' lang='lat' dir='ltr'>egone?</span> 
     </span>
     <span class='ocr_line' id='line_1_4' title="bbox 1123 332 1581 383; baseline 0.002 -13"><span class='ocrx_word' id='word_1_25' title='bbox 1123 334 1186 371; x_wconf 80' lang='lat' dir='ltr'>SE.</span> <span class='ocrx_word' id='word_1_26' title='bbox 1220 335 1260 371; x_wconf 71' lang='lat' dir='ltr'>tii</span> <span class='ocrx_word' id='word_1_27' title='bbox 1282 332 1378 379; x_wconf 86' lang='lat' dir='ltr'>istic,</span> <span class='ocrx_word' id='word_1_28' title='bbox 1397 333 1463 383; x_wconf 86' lang='lat' dir='ltr'>qui</span> <span class='ocrx_word' id='word_1_29' title='bbox 1487 333 1581 372; x_wconf 87' lang='lat' dir='ltr'>mihi</span> 
     </span>
     <span class='ocr_line' id='line_1_5' title="bbox 251 397 1348 449; baseline -0.002 -12"><span class='ocrx_word' id='word_1_30' title='bbox 251 397 369 437; x_wconf 87' lang='lat' dir='ltr'>etiarn</span> <span class='ocrx_word' id='word_1_31' title='bbox 392 412 455 437; x_wconf 89' lang='lat' dir='ltr'>me</span> <span class='ocrx_word' id='word_1_32' title='bbox 475 398 618 437; x_wconf 90' lang='lat' dir='ltr'>iunctis</span> <span class='ocrx_word' id='word_1_33' title='bbox 638 398 836 449; x_wconf 84' lang='lat' dir='ltr'>quadrigis</span> <span class='ocrx_word' id='word_1_34' title='bbox 858 397 1072 436; x_wconf 88' lang='lat' dir='ltr'>minitatu’s</span> <span class='ocrx_word' id='word_1_35' title='bbox 1093 405 1348 448; x_wconf 83' lang='lat' dir='ltr'>prosternere.</span> 
     </span>
     <span class='ocr_line' id='line_1_6' title="bbox 251 462 1684 514; baseline -0.002 -12"><span class='ocrx_word' id='word_1_36' title='bbox 251 471 408 514; x_wconf 89' lang='lat' dir='ltr'>egomet</span> <span class='ocrx_word' id='word_1_37' title='bbox 429 465 527 502; x_wconf 86' lang='lat' dir='ltr'>haec</span> <span class='ocrx_word' id='word_1_38' title='bbox 548 472 585 502; x_wconf 85' lang='lat' dir='ltr'>te</span> <span class='ocrx_word' id='word_1_39' title='bbox 607 463 688 502; x_wconf 90' lang='lat' dir='ltr'>uidi</span> <span class='ocrx_word' id='word_1_40' title='bbox 711 465 850 511; x_wconf 86' lang='lat' dir='ltr'>facere,</span> <span class='ocrx_word' id='word_1_41' title='bbox 871 462 1027 514; x_wconf 73' lang='lat' dir='ltr'>egomet</span> <span class='ocrx_word' id='word_1_42' title='bbox 1048 463 1147 501; x_wconf 87' lang='lat' dir='ltr'>haec</span> <span class='ocrx_word' id='word_1_43' title='bbox 1169 463 1235 500; x_wconf 91' lang='lat' dir='ltr'>ted</span> <span class='ocrx_word' id='word_1_44' title='bbox 1255 475 1385 512; x_wconf 88' lang='lat' dir='ltr'>arguo.</span> <span class='ocrx_word' id='word_1_45' title='bbox 1601 477 1684 513; x_wconf 85' lang='lat'>939-</span> 
     </span>
     <span class='ocr_line' id='line_1_7' title="bbox 254 525 1502 579; baseline -0.002 -12"><span class='ocrx_word' id='word_1_46' title='bbox 254 529 369 567; x_wconf 82' lang='grc' dir='ltr'>ΜΕΝ.</span> <span class='ocrx_word' id='word_1_47' title='bbox 401 536 441 567; x_wconf 86' lang='lat' dir='ltr'>at</span> <span class='ocrx_word' id='word_1_48' title='bbox 461 542 534 579; x_wconf 88' lang='lat' dir='ltr'>ego</span> <span class='ocrx_word' id='word_1_49' title='bbox 554 536 592 567; x_wconf 92' lang='lat' dir='ltr'>te</span> <span class='ocrx_word' id='word_1_50' title='bbox 612 542 761 567; x_wconf 86' lang='lat' dir='ltr'>sacram</span> <span class='ocrx_word' id='word_1_51' title='bbox 783 541 970 567; x_wconf 84' lang='lat' dir='ltr'>coronam</span> <span class='ocrx_word' id='word_1_52' title='bbox 991 527 1234 577; x_wconf 85' lang='lat' dir='ltr'>surrupuisse</span> <span class='ocrx_word' id='word_1_53' title='bbox 1257 527 1355 566; x_wconf 89' lang='lat' dir='ltr'>Ioui&#39;</span> <span class='ocrx_word' id='word_1_54' title='bbox 1373 525 1502 579; x_wconf 76' lang='lat' dir='ltr'>(scio),</span> 
     </span>
     <span class='ocr_line' id='line_1_8' title="bbox 254 592 1435 643; baseline 0 -12"><span class='ocrx_word' id='word_1_55' title='bbox 254 600 292 631; x_wconf 92' lang='lat' dir='ltr'>et</span> <span class='ocrx_word' id='word_1_56' title='bbox 313 593 366 632; x_wconf 92' lang='lat' dir='ltr'>ob</span> <span class='ocrx_word' id='word_1_57' title='bbox 387 607 473 632; x_wconf 84' lang='lat' dir='ltr'>earn</span> <span class='ocrx_word' id='word_1_58' title='bbox 495 607 576 632; x_wconf 88' lang='lat' dir='ltr'>rem</span> <span class='ocrx_word' id='word_1_59' title='bbox 598 593 637 631; x_wconf 89' lang='lat' dir='ltr'>in</span> <span class='ocrx_word' id='word_1_60' title='bbox 658 606 853 632; x_wconf 85' lang='lat' dir='ltr'>carcerem</span> <span class='ocrx_word' id='word_1_61' title='bbox 874 594 942 632; x_wconf 90' lang='lat' dir='ltr'>ted</span> <span class='ocrx_word' id='word_1_62' title='bbox 962 606 1048 631; x_wconf 89' lang='lat' dir='ltr'>esse</span> <span class='ocrx_word' id='word_1_63' title='bbox 1067 599 1320 643; x_wconf 88' lang='lat' dir='ltr'>compactum</span> <span class='ocrx_word' id='word_1_64' title='bbox 1342 592 1435 640; x_wconf 88' lang='lat' dir='ltr'>scio,</span> 
     </span>
     <span class='ocr_line' id='line_1_9' title="bbox 192 657 1457 709; baseline -0.002 -12"><span class='ocrx_word' id='word_1_65' title='bbox 192 675 234 706; x_wconf 84' lang='lat'>40</span> <span class='ocrx_word' id='word_1_66' title='bbox 253 666 292 697; x_wconf 90' lang='lat' dir='ltr'>et</span> <span class='ocrx_word' id='word_1_67' title='bbox 314 666 524 709; x_wconf 87' lang='lat' dir='ltr'>postquam</span> <span class='ocrx_word' id='word_1_68' title='bbox 546 672 586 697; x_wconf 89' lang='lat' dir='ltr'>es</span> <span class='ocrx_word' id='word_1_69' title='bbox 608 658 784 705; x_wconf 78' lang='lat' dir='ltr'>emissus,</span> <span class='ocrx_word' id='word_1_70' title='bbox 807 671 966 697; x_wconf 88' lang='lat' dir='ltr'>caesum</span> <span class='ocrx_word' id='word_1_71' title='bbox 988 657 1106 708; x_wconf 90' lang='lat' dir='ltr'>uirgis</span> <span class='ocrx_word' id='word_1_72' title='bbox 1128 658 1201 696; x_wconf 88' lang='lat' dir='ltr'>sub</span> <span class='ocrx_word' id='word_1_73' title='bbox 1223 658 1330 696; x_wconf 88' lang='lat' dir='ltr'>furca</span> <span class='ocrx_word' id='word_1_74' title='bbox 1350 657 1457 706; x_wconf 86' lang='lat' dir='ltr'>scio;</span> 
     </span>
     <span class='ocr_line' id='line_1_10' title="bbox 253 722 1470 774; baseline -0.002 -12"><span class='ocrx_word' id='word_1_75' title='bbox 253 731 337 762; x_wconf 85' lang='lat' dir='ltr'>tum</span> <span class='ocrx_word' id='word_1_76' title='bbox 359 731 508 774; x_wconf 88' lang='lat' dir='ltr'>patrem</span> <span class='ocrx_word' id='word_1_77' title='bbox 531 723 724 762; x_wconf 87' lang='lat' dir='ltr'>occidisse</span> <span class='ocrx_word' id='word_1_78' title='bbox 745 731 783 762; x_wconf 91' lang='lat' dir='ltr'>et</span> <span class='ocrx_word' id='word_1_79' title='bbox 804 731 967 762; x_wconf 85' lang='lat' dir='ltr'>matrem</span> <span class='ocrx_word' id='word_1_80' title='bbox 989 722 1218 762; x_wconf 87' lang='lat' dir='ltr'>uendidisse</span> <span class='ocrx_word' id='word_1_81' title='bbox 1239 722 1356 761; x_wconf 86' lang='lat' dir='ltr'>etiam</span> <span class='ocrx_word' id='word_1_82' title='bbox 1378 722 1470 761; x_wconf 91' lang='lat' dir='ltr'>scio.</span> 
     </span>
     <span class='ocr_line' id='line_1_11' title="bbox 252 787 1668 839; baseline -0.001 -12"><span class='ocrx_word' id='word_1_83' title='bbox 252 789 353 828; x_wconf 87' lang='lat' dir='ltr'>satin</span> <span class='ocrx_word' id='word_1_84' title='bbox 375 790 472 827; x_wconf 88' lang='lat' dir='ltr'>haec</span> <span class='ocrx_word' id='word_1_85' title='bbox 493 802 563 839; x_wconf 92' lang='lat' dir='ltr'>pro</span> <span class='ocrx_word' id='word_1_86' title='bbox 585 802 681 827; x_wconf 85' lang='lat' dir='ltr'>sano</span> <span class='ocrx_word' id='word_1_87' title='bbox 702 789 804 827; x_wconf 87' lang='lat' dir='ltr'>male</span> <span class='ocrx_word' id='word_1_88' title='bbox 824 787 930 826; x_wconf 86' lang='lat' dir='ltr'>dicta</span> <span class='ocrx_word' id='word_1_89' title='bbox 951 789 1053 826; x_wconf 87' lang='lat' dir='ltr'>male</span> <span class='ocrx_word' id='word_1_90' title='bbox 1074 787 1190 826; x_wconf 89' lang='lat' dir='ltr'>dictis</span> <span class='ocrx_word' id='word_1_91' title='bbox 1212 788 1464 837; x_wconf 87' lang='lat' dir='ltr'>respondeo?</span> <span class='ocrx_word' id='word_1_92' title='bbox 1601 794 1668 832; x_wconf 85' lang='grc'>945</span> 
     </span>
     <span class='ocr_line' id='line_1_12' title="bbox 253 851 1582 905; baseline -0.003 -11"><span class='ocrx_word' id='word_1_93' title='bbox 253 856 317 894; x_wconf 80' lang='lat' dir='ltr'>SE.</span> <span class='ocrx_word' id='word_1_94' title='bbox 361 867 527 905; x_wconf 89' lang='lat' dir='ltr'>opsecro</span> <span class='ocrx_word' id='word_1_95' title='bbox 575 855 716 901; x_wconf 90' lang='lat' dir='ltr'>hercle,</span> <span class='ocrx_word' id='word_1_96' title='bbox 765 853 928 899; x_wconf 88' lang='lat' dir='ltr'>medice,</span> <span class='ocrx_word' id='word_1_97' title='bbox 965 866 1132 904; x_wconf 91' lang='lat' dir='ltr'>propere</span> <span class='ocrx_word' id='word_1_98' title='bbox 1165 851 1362 902; x_wconf 88' lang='lat' dir='ltr'>quidquid</span> <span class='ocrx_word' id='word_1_99' title='bbox 1400 853 1582 891; x_wconf 86' lang='lat' dir='ltr'>facturu’s</span> 
     </span>
     <span class='ocr_line' id='line_1_13' title="bbox 1484 920 1579 957; baseline 0.011 -1"><span class='ocrx_word' id='word_1_100' title='bbox 1484 920 1579 957; x_wconf 88' lang='lat' dir='ltr'>face.</span> 
     </span>
     <span class='ocr_line' id='line_1_14' title="bbox 252 983 1583 1034; baseline -0.002 -9"><span class='ocrx_word' id='word_1_101' title='bbox 252 1000 331 1025; x_wconf 92' lang='lat' dir='ltr'>non</span> <span class='ocrx_word' id='word_1_102' title='bbox 362 986 474 1025; x_wconf 88' lang='lat' dir='ltr'>uides</span> <span class='ocrx_word' id='word_1_103' title='bbox 504 986 708 1024; x_wconf 89' lang='lat' dir='ltr'>hominem</span> <span class='ocrx_word' id='word_1_104' title='bbox 738 984 937 1023; x_wconf 82' lang='lat' dir='ltr'>insanire?</span> <span class='ocrx_word' id='word_1_105' title='bbox 994 986 1108 1023; x_wconf 82' lang='grc' dir='ltr'>ΜΕΙ).</span> <span class='ocrx_word' id='word_1_106' title='bbox 1141 983 1226 1022; x_wconf 89' lang='lat' dir='ltr'>scin</span> <span class='ocrx_word' id='word_1_107' title='bbox 1250 984 1347 1034; x_wconf 89' lang='lat' dir='ltr'>quid</span> <span class='ocrx_word' id='word_1_108' title='bbox 1372 983 1490 1022; x_wconf 89' lang='lat' dir='ltr'>facias</span> <span class='ocrx_word' id='word_1_109' title='bbox 1516 997 1583 1034; x_wconf 94' lang='lat' dir='ltr'>op-</span> 
     </span>
     <span class='ocr_line' id='line_1_15' title="bbox 1319 1050 1584 1087; baseline -0.004 0"><span class='ocrx_word' id='word_1_110' title='bbox 1319 1056 1472 1087; x_wconf 88' lang='lat' dir='ltr'>tumum</span> <span class='ocrx_word' id='word_1_111' title='bbox 1493 1056 1552 1087; x_wconf 89' lang='lat' dir='ltr'>est</span> <span class='ocrx_word' id='word_1_112' title='bbox 1567 1050 1584 1086; x_wconf 83' lang='lat'><strong>?</strong></span> 
     </span>
     <span class='ocr_line' id='line_1_16' title="bbox 192 1113 1584 1164; baseline -0.003 -9"><span class='ocrx_word' id='word_1_113' title='bbox 192 1132 232 1164; x_wconf 89' lang='lat'>45</span> <span class='ocrx_word' id='word_1_114' title='bbox 253 1117 304 1156; x_wconf 86' lang='lat' dir='ltr'>ad</span> <span class='ocrx_word' id='word_1_115' title='bbox 335 1130 398 1155; x_wconf 92' lang='lat' dir='ltr'>me</span> <span class='ocrx_word' id='word_1_116' title='bbox 427 1118 512 1155; x_wconf 82' lang='lat' dir='ltr'>face</span> <span class='ocrx_word' id='word_1_117' title='bbox 541 1116 597 1155; x_wconf 88' lang='lat' dir='ltr'>uti</span> <span class='ocrx_word' id='word_1_118' title='bbox 627 1117 832 1155; x_wconf 85' lang='lat' dir='ltr'>deferatur.</span> <span class='ocrx_word' id='word_1_119' title='bbox 891 1117 956 1154; x_wconf 81' lang='lat' dir='ltr'>SE.</span> <span class='ocrx_word' id='word_1_120' title='bbox 988 1115 1093 1153; x_wconf 83' lang='lat' dir='ltr'>itane</span> <span class='ocrx_word' id='word_1_121' title='bbox 1112 1115 1280 1153; x_wconf 86' lang='lat' dir='ltr'>censes?</span> <span class='ocrx_word' id='word_1_122' title='bbox 1338 1115 1450 1151; x_wconf 78' lang='lat' dir='ltr'>MED.</span> <span class='ocrx_word' id='word_1_123' title='bbox 1474 1113 1584 1164; x_wconf 89' lang='lat' dir='ltr'>quip-</span> 
     </span>
     <span class='ocr_line' id='line_1_17' title="bbox 1475 1178 1585 1229; baseline 0.009 -13"><span class='ocrx_word' id='word_1_124' title='bbox 1475 1178 1585 1229; x_wconf 86' lang='lat' dir='ltr'>pini?</span> 
     </span>
     <span class='ocr_line' id='line_1_18' title="bbox 254 1244 1580 1298; baseline -0.003 -12"><span class='ocrx_word' id='word_1_125' title='bbox 254 1247 308 1286; x_wconf 91' lang='lat' dir='ltr'>ibi</span> <span class='ocrx_word' id='word_1_126' title='bbox 330 1261 419 1287; x_wconf 91' lang='lat' dir='ltr'>meo</span> <span class='ocrx_word' id='word_1_127' title='bbox 440 1248 627 1287; x_wconf 86' lang='lat' dir='ltr'>arbitratu</span> <span class='ocrx_word' id='word_1_128' title='bbox 648 1255 787 1298; x_wconf 89' lang='lat' dir='ltr'>potero</span> <span class='ocrx_word' id='word_1_129' title='bbox 807 1260 940 1285; x_wconf 85' lang='lat' dir='ltr'>curare</span> <span class='ocrx_word' id='word_1_130' title='bbox 954 1245 1169 1285; x_wconf 89' lang='lat' dir='ltr'>hominem.</span> <span class='ocrx_word' id='word_1_131' title='bbox 1220 1246 1284 1284; x_wconf 80' lang='lat' dir='ltr'>SE.</span> <span class='ocrx_word' id='word_1_132' title='bbox 1307 1258 1379 1295; x_wconf 87' lang='lat' dir='ltr'>age</span> <span class='ocrx_word' id='word_1_133' title='bbox 1399 1252 1441 1283; x_wconf 86' lang='lat' dir='ltr'>ut</span> <span class='ocrx_word' id='word_1_134' title='bbox 1461 1244 1580 1282; x_wconf 88' lang='lat' dir='ltr'>lubet.</span> 
     </span>
     <span class='ocr_line' id='line_1_19' title="bbox 254 1310 1672 1363; baseline -0.005 -11"><span class='ocrx_word' id='word_1_135' title='bbox 254 1315 298 1352; x_wconf 91' lang='lat' dir='ltr'><strong>M</strong></span> <span class='ocrx_word' id='word_1_136' title='bbox 305 1325 368 1352; x_wconf 84' lang='grc' dir='ltr'>ΕΙ).</span> <span class='ocrx_word' id='word_1_137' title='bbox 401 1314 618 1352; x_wconf 80' lang='lat' dir='ltr'>elleborum</span> <span class='ocrx_word' id='word_1_138' title='bbox 640 1312 795 1363; x_wconf 83' lang='lat' dir='ltr'>potabis</span> <span class='ocrx_word' id='word_1_139' title='bbox 816 1313 906 1350; x_wconf 88' lang='lat' dir='ltr'>faxo</span> <span class='ocrx_word' id='word_1_140' title='bbox 925 1311 1078 1361; x_wconf 73' lang='lat' dir='ltr'>aliquos</span> <span class='ocrx_word' id='word_1_141' title='bbox 1099 1310 1236 1361; x_wconf 84' lang='lat' dir='ltr'>uiginti</span> <span class='ocrx_word' id='word_1_142' title='bbox 1257 1310 1351 1349; x_wconf 88' lang='lat' dir='ltr'>dies.</span> <span class='ocrx_word' id='word_1_143' title='bbox 1602 1318 1672 1355; x_wconf 91' lang='grc' dir='ltr'>95ο</span> 
     </span>
     <span class='ocr_line' id='line_1_20' title="bbox 253 1375 1501 1429; baseline -0.003 -12"><span class='ocrx_word' id='word_1_144' title='bbox 253 1380 370 1417; x_wconf 83' lang='grc' dir='ltr'>ΜΕΝ.</span> <span class='ocrx_word' id='word_1_145' title='bbox 402 1386 441 1417; x_wconf 82' lang='lat' dir='ltr'>at</span> <span class='ocrx_word' id='word_1_146' title='bbox 460 1391 534 1429; x_wconf 86' lang='lat' dir='ltr'>ego</span> <span class='ocrx_word' id='word_1_147' title='bbox 555 1385 592 1417; x_wconf 90' lang='lat' dir='ltr'>te</span> <span class='ocrx_word' id='word_1_148' title='bbox 613 1378 854 1429; x_wconf 87' lang='lat' dir='ltr'>pendentem</span> <span class='ocrx_word' id='word_1_149' title='bbox 875 1376 1023 1415; x_wconf 87' lang='lat' dir='ltr'>fodiam</span> <span class='ocrx_word' id='word_1_150' title='bbox 1045 1375 1212 1414; x_wconf 88' lang='lat' dir='ltr'>stimulis</span> <span class='ocrx_word' id='word_1_151' title='bbox 1232 1375 1387 1426; x_wconf 86' lang='lat' dir='ltr'>triginta</span> <span class='ocrx_word' id='word_1_152' title='bbox 1406 1375 1501 1414; x_wconf 90' lang='lat' dir='ltr'>dies.</span> 
     </span>
     <span class='ocr_line' id='line_1_21' title="bbox 256 1441 1580 1492; baseline -0.003 -9"><span class='ocrx_word' id='word_1_153' title='bbox 256 1445 370 1483; x_wconf 81' lang='lat' dir='ltr'><strong>MED.</strong></span> <span class='ocrx_word' id='word_1_154' title='bbox 403 1445 425 1492; x_wconf 78' lang='lat' dir='ltr'>i,</span> <span class='ocrx_word' id='word_1_155' title='bbox 456 1456 608 1483; x_wconf 86' lang='lat' dir='ltr'>arcesse</span> <span class='ocrx_word' id='word_1_156' title='bbox 632 1442 814 1481; x_wconf 89' lang='lat' dir='ltr'>homines</span> <span class='ocrx_word' id='word_1_157' title='bbox 845 1441 913 1492; x_wconf 87' lang='lat' dir='ltr'>qui</span> <span class='ocrx_word' id='word_1_158' title='bbox 946 1441 1065 1479; x_wconf 90' lang='lat' dir='ltr'>illunc</span> <span class='ocrx_word' id='word_1_159' title='bbox 1096 1441 1148 1479; x_wconf 84' lang='lat' dir='ltr'>ad</span> <span class='ocrx_word' id='word_1_160' title='bbox 1179 1454 1243 1479; x_wconf 93' lang='lat' dir='ltr'>me</span> <span class='ocrx_word' id='word_1_161' title='bbox 1271 1441 1458 1479; x_wconf 87' lang='lat' dir='ltr'>deferant.</span> <span class='ocrx_word' id='word_1_162' title='bbox 1518 1442 1580 1479; x_wconf 59' lang='lat' dir='ltr'>Sic.</span> 
     </span>
     <span class='ocr_line' id='line_1_22' title="bbox 1236 1505 1585 1556; baseline 0.003 -12"><span class='ocrx_word' id='word_1_163' title='bbox 1236 1513 1333 1556; x_wconf 93' lang='lat' dir='ltr'>quot</span> <span class='ocrx_word' id='word_1_164' title='bbox 1353 1514 1443 1544; x_wconf 89' lang='lat' dir='ltr'>sunt</span> <span class='ocrx_word' id='word_1_165' title='bbox 1463 1505 1585 1545; x_wconf 85' lang='lat' dir='ltr'>satis?</span> 
     </span>
     <span class='ocr_line' id='line_1_23' title="bbox 195 1570 1497 1625; baseline -0.005 -11"><span class='ocrx_word' id='word_1_166' title='bbox 195 1588 236 1620; x_wconf 88' lang='lat'>50</span> <span class='ocrx_word' id='word_1_167' title='bbox 257 1577 370 1614; x_wconf 81' lang='lat' dir='ltr'><strong>MED.</strong></span> <span class='ocrx_word' id='word_1_168' title='bbox 403 1575 570 1625; x_wconf 89' lang='lat' dir='ltr'>proinde</span> <span class='ocrx_word' id='word_1_169' title='bbox 590 1582 632 1613; x_wconf 90' lang='lat' dir='ltr'>ut</span> <span class='ocrx_word' id='word_1_170' title='bbox 653 1573 822 1612; x_wconf 84' lang='lat' dir='ltr'>insanire</span> <span class='ocrx_word' id='word_1_171' title='bbox 842 1572 972 1619; x_wconf 89' lang='lat' dir='ltr'>uideo,</span> <span class='ocrx_word' id='word_1_172' title='bbox 995 1579 1193 1622; x_wconf 84' lang='lat' dir='ltr'>quattuor,</span> <span class='ocrx_word' id='word_1_173' title='bbox 1214 1570 1338 1609; x_wconf 89' lang='lat' dir='ltr'>nihilo</span> <span class='ocrx_word' id='word_1_174' title='bbox 1359 1570 1497 1608; x_wconf 88' lang='lat' dir='ltr'>minus.</span> 
     </span>
     <span class='ocr_line' id='line_1_24' title="bbox 254 1635 1583 1684; baseline -0.004 -5"><span class='ocrx_word' id='word_1_175' title='bbox 254 1642 318 1679; x_wconf 79' lang='lat' dir='ltr'>SE.</span> <span class='ocrx_word' id='word_1_176' title='bbox 351 1640 427 1678; x_wconf 71' lang='lat' dir='ltr'>iam</span> <span class='ocrx_word' id='word_1_177' title='bbox 448 1640 513 1678; x_wconf 89' lang='lat' dir='ltr'>hic</span> <span class='ocrx_word' id='word_1_178' title='bbox 533 1647 656 1678; x_wconf 86' lang='lat' dir='ltr'>erunt.</span> <span class='ocrx_word' id='word_1_179' title='bbox 696 1640 862 1677; x_wconf 86' lang='lat' dir='ltr'>adserua</span> <span class='ocrx_word' id='word_1_180' title='bbox 882 1646 923 1676; x_wconf 89' lang='lat' dir='ltr'>tu</span> <span class='ocrx_word' id='word_1_181' title='bbox 945 1637 1085 1684; x_wconf 87' lang='lat' dir='ltr'>istunc,</span> <span class='ocrx_word' id='word_1_182' title='bbox 1108 1635 1272 1675; x_wconf 86' lang='lat' dir='ltr'>medice.</span> <span class='ocrx_word' id='word_1_183' title='bbox 1325 1637 1437 1674; x_wconf 77' lang='lat' dir='ltr'>MED.</span> <span class='ocrx_word' id='word_1_184' title='bbox 1462 1637 1583 1674; x_wconf 75' lang='lat' dir='ltr'>immo</span> 
     </span>
     <span class='ocr_line' id='line_1_25' title="bbox 1315 1701 1579 1748; baseline 0 -9"><span class='ocrx_word' id='word_1_185' title='bbox 1315 1701 1382 1739; x_wconf 91' lang='lat' dir='ltr'>ibo</span> <span class='ocrx_word' id='word_1_186' title='bbox 1402 1702 1579 1748; x_wconf 90' lang='lat' dir='ltr'>domurn,</span> 
     </span>
     <span class='ocr_line' id='line_1_26' title="bbox 252 1766 1666 1822; baseline -0.005 -12"><span class='ocrx_word' id='word_1_187' title='bbox 252 1779 295 1810; x_wconf 89' lang='lat' dir='ltr'>ut</span> <span class='ocrx_word' id='word_1_188' title='bbox 315 1778 498 1822; x_wconf 89' lang='lat' dir='ltr'>parentur</span> <span class='ocrx_word' id='word_1_189' title='bbox 517 1771 652 1821; x_wconf 89' lang='lat' dir='ltr'>quibu&#39;</span> <span class='ocrx_word' id='word_1_190' title='bbox 672 1770 814 1821; x_wconf 87' lang='lat' dir='ltr'>paratis</span> <span class='ocrx_word' id='word_1_191' title='bbox 834 1783 934 1820; x_wconf 90' lang='lat' dir='ltr'>opus</span> <span class='ocrx_word' id='word_1_192' title='bbox 955 1776 1023 1808; x_wconf 84' lang='lat' dir='ltr'>est.</span> <span class='ocrx_word' id='word_1_193' title='bbox 1083 1775 1124 1806; x_wconf 88' lang='lat' dir='ltr'>tu</span> <span class='ocrx_word' id='word_1_194' title='bbox 1145 1780 1279 1806; x_wconf 87' lang='lat' dir='ltr'>seruos</span> <span class='ocrx_word' id='word_1_195' title='bbox 1300 1766 1391 1805; x_wconf 88' lang='lat' dir='ltr'>iube</span> <span class='ocrx_word' id='word_1_196' title='bbox 1599 1778 1666 1815; x_wconf 90' lang='grc'>955</span> 
     </span>
     <span class='ocr_line' id='line_1_27' title="bbox 252 1831 1577 1883; baseline -0.003 -9"><span class='ocrx_word' id='word_1_197' title='bbox 252 1838 358 1875; x_wconf 84' lang='lat' dir='ltr'>hunc</span> <span class='ocrx_word' id='word_1_198' title='bbox 389 1837 439 1874; x_wconf 88' lang='lat' dir='ltr'>ad</span> <span class='ocrx_word' id='word_1_199' title='bbox 472 1850 534 1874; x_wconf 89' lang='lat' dir='ltr'>me</span> <span class='ocrx_word' id='word_1_200' title='bbox 567 1837 701 1874; x_wconf 89' lang='lat' dir='ltr'>ferant.</span> <span class='ocrx_word' id='word_1_201' title='bbox 773 1837 837 1873; x_wconf 81' lang='lat' dir='ltr'>SE.</span> <span class='ocrx_word' id='word_1_202' title='bbox 870 1835 946 1873; x_wconf 87' lang='lat' dir='ltr'>iam</span> <span class='ocrx_word' id='word_1_203' title='bbox 981 1846 1055 1883; x_wconf 88' lang='lat' dir='ltr'>ego</span> <span class='ocrx_word' id='word_1_204' title='bbox 1089 1832 1166 1871; x_wconf 90' lang='lat' dir='ltr'>illic</span> <span class='ocrx_word' id='word_1_205' title='bbox 1201 1833 1288 1870; x_wconf 84' lang='lat' dir='ltr'>faxo</span> <span class='ocrx_word' id='word_1_206' title='bbox 1323 1831 1403 1870; x_wconf 87' lang='lat' dir='ltr'>erit.</span> <span class='ocrx_word' id='word_1_207' title='bbox 1464 1833 1577 1870; x_wconf 73' lang='lat' dir='ltr'>MED.</span> 
     </span>
     <span class='ocr_line' id='line_1_28' title="bbox 1104 1898 1580 1936; baseline -0.004 0"><span class='ocrx_word' id='word_1_208' title='bbox 1104 1898 1274 1936; x_wconf 83' lang='lat' dir='ltr'>abeo.——</span> <span class='ocrx_word' id='word_1_209' title='bbox 1331 1898 1393 1935; x_wconf 60' lang='lat' dir='ltr'>Sic.</span> <span class='ocrx_word' id='word_1_210' title='bbox 1426 1898 1580 1935; x_wconf 78' lang='lat' dir='ltr'>nale.—</span> 
     </span>
    </p>
   </div>
   <div class='ocr_carea' id='block_1_3' title="bbox 253 1999 1584 2394">
    <p class='ocr_par' dir='ltr' id='par_1_3' title="bbox 253 1999 1584 2394">
     <span class='ocr_line' id='line_1_29' title="bbox 295 1999 1582 2046; baseline -0.005 -10"><span class='ocrx_word' id='word_1_211' title='bbox 295 2007 360 2046; x_wconf 84' lang='lat'>936</span> <span class='ocrx_word' id='word_1_212' title='bbox 383 2006 433 2036; x_wconf 78' lang='lat' dir='ltr'>vel</span> <span class='ocrx_word' id='word_1_213' title='bbox 453 2006 542 2036; x_wconf 86' lang='lat' dir='ltr'>aibat</span> <span class='ocrx_word' id='word_1_214' title='bbox 667 2015 729 2046; x_wconf 85' lang='lat'>937</span> <span class='ocrx_word' id='word_1_215' title='bbox 755 2005 838 2036; x_wconf 79' lang='lat' dir='ltr'>dixti</span> <span class='ocrx_word' id='word_1_216' title='bbox 858 2003 944 2034; x_wconf 76' lang='lat' dir='ltr'>Leo:</span> <span class='ocrx_word' id='word_1_217' title='bbox 969 2002 1037 2033; x_wconf 89' lang='lat' dir='ltr'>dixi</span> <span class='ocrx_word' id='word_1_218' title='bbox 1055 2000 1119 2032; x_wconf 82' lang='lat' dir='ltr'>cod.</span> <span class='ocrx_word' id='word_1_219' title='bbox 1193 2000 1284 2031; x_wconf 81' lang='grc' dir='ltr'>ΜΕΝ.</span> <span class='ocrx_word' id='word_1_220' title='bbox 1303 1999 1392 2039; x_wconf 83' lang='lat' dir='ltr'>Quid</span> <span class='ocrx_word' id='word_1_221' title='bbox 1411 2010 1474 2040; x_wconf 84' lang='lat' dir='ltr'>ego</span> <span class='ocrx_word' id='word_1_222' title='bbox 1491 2001 1582 2031; x_wconf 68' lang='lat' dir='ltr'>dixi?</span> 
     </span>
     <span class='ocr_line' id='line_1_30' title="bbox 254 2043 1580 2089; baseline -0.004 -9"><span class='ocrx_word' id='word_1_223' title='bbox 254 2050 309 2080; x_wconf 73' lang='lat' dir='ltr'>SE.</span> <span class='ocrx_word' id='word_1_224' title='bbox 338 2052 488 2086; x_wconf 83' lang='lat' dir='ltr'>insanus,</span> <span class='ocrx_word' id='word_1_225' title='bbox 507 2051 685 2089; x_wconf 86' lang='lat' dir='ltr'>inquam—</span> <span class='ocrx_word' id='word_1_226' title='bbox 701 2049 827 2080; x_wconf 77' lang='lat' dir='ltr'>Sclioell</span> <span class='ocrx_word' id='word_1_227' title='bbox 933 2053 966 2078; x_wconf 84' lang='lat' dir='ltr'>tu</span> <span class='ocrx_word' id='word_1_228' title='bbox 987 2046 1061 2076; x_wconf 84' lang='lat' dir='ltr'>istic</span> <span class='ocrx_word' id='word_1_229' title='bbox 1078 2045 1149 2076; x_wconf 79' lang='lat' dir='ltr'>Ital.</span> <span class='ocrx_word' id='word_1_230' title='bbox 1170 2056 1176 2075; x_wconf 90' lang='lat'>:</span> <span class='ocrx_word' id='word_1_231' title='bbox 1202 2044 1300 2074; x_wconf 86' lang='lat' dir='ltr'>tustic</span> <span class='ocrx_word' id='word_1_232' title='bbox 1328 2045 1426 2074; x_wconf 60' lang='lat' dir='ltr'>«istuc</span> <span class='ocrx_word' id='word_1_233' title='bbox 1448 2043 1494 2082; x_wconf 84' lang='grc' dir='ltr'>Β)</span> <span class='ocrx_word' id='word_1_234' title='bbox 1517 2043 1580 2075; x_wconf 85' lang='lat' dir='ltr'>cod.</span> 
     </span>
     <span class='ocr_line' id='line_1_31' title="bbox 253 2087 1581 2133; baseline -0.005 -10"><span class='ocrx_word' id='word_1_235' title='bbox 253 2094 318 2132; x_wconf 82' lang='grc'>938</span> <span class='ocrx_word' id='word_1_236' title='bbox 344 2094 532 2123; x_wconf 87' lang='lat' dir='ltr'>ministatus</span> <span class='ocrx_word' id='word_1_237' title='bbox 550 2093 669 2133; x_wconf 79' lang='lat' dir='ltr'>(-isst-)</span> <span class='ocrx_word' id='word_1_238' title='bbox 687 2092 752 2123; x_wconf 82' lang='lat' dir='ltr'>cod.</span> <span class='ocrx_word' id='word_1_239' title='bbox 771 2095 864 2130; x_wconf 74' lang='lat' dir='ltr'>(corr.</span> <span class='ocrx_word' id='word_1_240' title='bbox 884 2091 946 2129; x_wconf 55' lang='lat'>[3²3</span> <span class='ocrx_word' id='word_1_241' title='bbox 1082 2099 1147 2128; x_wconf 88' lang='lat'>940</span> <span class='ocrx_word' id='word_1_242' title='bbox 1170 2088 1248 2118; x_wconf 82' lang='lat' dir='ltr'>uide</span> <span class='ocrx_word' id='word_1_243' title='bbox 1270 2087 1334 2119; x_wconf 87' lang='lat' dir='ltr'>cod.</span> <span class='ocrx_word' id='word_1_244' title='bbox 1360 2093 1432 2127; x_wconf 50' lang='lat' dir='ltr'>(pro</span> <span class='ocrx_word' id='word_1_245' title='bbox 1454 2088 1581 2129; x_wconf 65' lang='lat' dir='ltr'>uidei2)</span> 
     </span>
     <span class='ocr_line' id='line_1_32' title="bbox 255 2130 1584 2178; baseline -0.005 -11"><span class='ocrx_word' id='word_1_246' title='bbox 255 2147 348 2167; x_wconf 76' lang='grc' dir='ltr'>ιεονν.</span> <span class='ocrx_word' id='word_1_247' title='bbox 365 2136 423 2170; x_wconf 37' lang='grc' dir='ltr'>ΒΔ)</span> <span class='ocrx_word' id='word_1_248' title='bbox 522 2147 582 2176; x_wconf 89' lang='lat'>94¹</span> <span class='ocrx_word' id='word_1_249' title='bbox 615 2135 767 2178; x_wconf 82' lang='lat' dir='ltr'>[lo]iouis</span> <span class='ocrx_word' id='word_1_250' title='bbox 779 2135 853 2166; x_wconf 64' lang='grc' dir='ltr'>ΡΟ)</span> <span class='ocrx_word' id='word_1_251' title='bbox 871 2136 925 2174; x_wconf 83' lang='lat' dir='ltr'>(iv.</span> <span class='ocrx_word' id='word_1_252' title='bbox 942 2134 976 2173; x_wconf 51' lang='lat'>33</span> <span class='ocrx_word' id='word_1_253' title='bbox 992 2147 998 2165; x_wconf 75' lang='grc' dir='ltr'><strong>ι</strong></span> <span class='ocrx_word' id='word_1_254' title='bbox 1023 2133 1076 2163; x_wconf 81' lang='lat' dir='ltr'>aio</span> <span class='ocrx_word' id='word_1_255' title='bbox 1095 2132 1184 2162; x_wconf 87' lang='lat' dir='ltr'>Iouis</span> <span class='ocrx_word' id='word_1_256' title='bbox 1196 2130 1323 2162; x_wconf 76' lang='lat' dir='ltr'>Parcus</span> <span class='ocrx_word' id='word_1_257' title='bbox 1339 2143 1344 2161; x_wconf 94' lang='lat'>:</span> <span class='ocrx_word' id='word_1_258' title='bbox 1363 2130 1434 2161; x_wconf 69' lang='lat' dir='ltr'>Ioui</span> <span class='ocrx_word' id='word_1_259' title='bbox 1448 2130 1584 2170; x_wconf 80' lang='lat' dir='ltr'>Pylades</span> 
     </span>
     <span class='ocr_line' id='line_1_33' title="bbox 254 2175 1579 2220; baseline -0.005 -9"><span class='ocrx_word' id='word_1_260' title='bbox 254 2181 325 2211; x_wconf 83' lang='lat' dir='ltr'>scio</span> <span class='ocrx_word' id='word_1_261' title='bbox 349 2180 425 2212; x_wconf 79' lang='lat' dir='ltr'>add.</span> <span class='ocrx_word' id='word_1_262' title='bbox 451 2180 590 2220; x_wconf 77' lang='lat' dir='ltr'>Pylades</span> <span class='ocrx_word' id='word_1_263' title='bbox 608 2180 702 2220; x_wconf 83' lang='lat' dir='ltr'>(sort.</span> <span class='ocrx_word' id='word_1_264' title='bbox 732 2181 764 2210; x_wconf 79' lang='lat' dir='ltr'>in</span> <span class='ocrx_word' id='word_1_265' title='bbox 785 2179 857 2217; x_wconf 76' lang='lat' dir='ltr'>fine</span> <span class='ocrx_word' id='word_1_266' title='bbox 877 2177 1035 2217; x_wconf 75' lang='lat' dir='ltr'>sequcntr&#39;s</span> <span class='ocrx_word' id='word_1_267' title='bbox 1054 2186 1164 2206; x_wconf 85' lang='lat' dir='ltr'>versus</span> <span class='ocrx_word' id='word_1_268' title='bbox 1185 2175 1340 2214; x_wconf 80' lang='lat' dir='ltr'>scriptum</span> <span class='ocrx_word' id='word_1_269' title='bbox 1363 2178 1432 2204; x_wconf 81' lang='lat' dir='ltr'>era!</span> <span class='ocrx_word' id='word_1_270' title='bbox 1443 2186 1454 2211; x_wconf 85' lang='grc'>,-</span> <span class='ocrx_word' id='word_1_271' title='bbox 1487 2175 1518 2205; x_wconf 86' lang='lat' dir='ltr'>ii.</span> <span class='ocrx_word' id='word_1_272' title='bbox 1543 2176 1579 2213; x_wconf 81' lang='grc'>5)</span> 
     </span>
     <span class='ocr_line' id='line_1_34' title="bbox 254 2217 1580 2262; baseline -0.005 -7"><span class='ocrx_word' id='word_1_273' title='bbox 254 2234 317 2262; x_wconf 73' lang='lat'>945</span> <span class='ocrx_word' id='word_1_274' title='bbox 343 2225 529 2254; x_wconf 83' lang='lat' dir='ltr'>rcscondeo</span> <span class='ocrx_word' id='word_1_275' title='bbox 543 2224 608 2255; x_wconf 81' lang='lat' dir='ltr'>cod.</span> <span class='ocrx_word' id='word_1_276' title='bbox 629 2235 722 2254; x_wconf 65' lang='lat' dir='ltr'>1corr.</span> <span class='ocrx_word' id='word_1_277' title='bbox 737 2222 798 2259; x_wconf 73' lang='lat'>3²)</span> <span class='ocrx_word' id='word_1_278' title='bbox 943 2221 1007 2260; x_wconf 82' lang='lat'>946</span> <span class='ocrx_word' id='word_1_279' title='bbox 1031 2219 1191 2250; x_wconf 85' lang='lat' dir='ltr'>maledice</span> <span class='ocrx_word' id='word_1_280' title='bbox 1209 2217 1274 2249; x_wconf 86' lang='lat' dir='ltr'>cod.</span> <span class='ocrx_word' id='word_1_281' title='bbox 1295 2224 1339 2256; x_wconf 75' lang='lat' dir='ltr'>(v.</span> <span class='ocrx_word' id='word_1_282' title='bbox 1361 2219 1396 2256; x_wconf 72' lang='lat'>8)</span> <span class='ocrx_word' id='word_1_283' title='bbox 1411 2224 1502 2253; x_wconf 83' lang='lat' dir='ltr'>(corr.</span> <span class='ocrx_word' id='word_1_284' title='bbox 1516 2217 1580 2258; x_wconf 58' lang='grc' dir='ltr'>ΒΞ)</span> 
     </span>
     <span class='ocr_line' id='line_1_35' title="bbox 254 2261 1576 2307; baseline -0.005 -10"><span class='ocrx_word' id='word_1_285' title='bbox 254 2279 316 2307; x_wconf 74' lang='lat'>947</span> <span class='ocrx_word' id='word_1_286' title='bbox 337 2279 374 2297; x_wconf 67' lang='lat' dir='ltr'>es</span> <span class='ocrx_word' id='word_1_287' title='bbox 391 2267 456 2300; x_wconf 82' lang='lat' dir='ltr'>cod.</span> <span class='ocrx_word' id='word_1_288' title='bbox 478 2271 568 2302; x_wconf 84' lang='lat' dir='ltr'>(corr.</span> <span class='ocrx_word' id='word_1_289' title='bbox 595 2267 659 2304; x_wconf 72' lang='lat'>3¹2)</span> <span class='ocrx_word' id='word_1_290' title='bbox 772 2267 836 2305; x_wconf 79' lang='lat'>948</span> <span class='ocrx_word' id='word_1_291' title='bbox 861 2265 950 2296; x_wconf 80' lang='lat' dir='ltr'>itana</span> <span class='ocrx_word' id='word_1_292' title='bbox 967 2263 1030 2296; x_wconf 82' lang='lat' dir='ltr'>cod.</span> <span class='ocrx_word' id='word_1_293' title='bbox 1051 2265 1144 2301; x_wconf 82' lang='lat' dir='ltr'>(corr.</span> <span class='ocrx_word' id='word_1_294' title='bbox 1165 2261 1224 2299; x_wconf 77' lang='lat'>13²)</span> <span class='ocrx_word' id='word_1_295' title='bbox 1337 2272 1403 2301; x_wconf 86' lang='lat'>950</span> <span class='ocrx_word' id='word_1_296' title='bbox 1423 2265 1497 2302; x_wconf 75' lang='lat' dir='ltr'>pos!</span> <span class='ocrx_word' id='word_1_297' title='bbox 1517 2271 1576 2301; x_wconf 85' lang='lat'>95¹</span> 
     </span>
     <span class='ocr_line' id='line_1_36' title="bbox 256 2304 1580 2351; baseline -0.005 -11"><span class='ocrx_word' id='word_1_298' title='bbox 256 2311 321 2342; x_wconf 75' lang='lat' dir='ltr'>sod.</span> <span class='ocrx_word' id='word_1_299' title='bbox 340 2324 346 2344; x_wconf 65' lang='lat' dir='ltr'>a</span> <span class='ocrx_word' id='word_1_300' title='bbox 358 2313 449 2350; x_wconf 73' lang='lat' dir='ltr'>prius</span> <span class='ocrx_word' id='word_1_301' title='bbox 465 2322 529 2342; x_wconf 87' lang='lat' dir='ltr'>om.</span> <span class='ocrx_word' id='word_1_302' title='bbox 547 2315 678 2351; x_wconf 74' lang='lat' dir='ltr'>propter</span> <span class='ocrx_word' id='word_1_303' title='bbox 690 2309 872 2340; x_wconf 75' lang='lat' dir='ltr'>homoeotel.</span> <span class='ocrx_word' id='word_1_304' title='bbox 889 2308 942 2339; x_wconf 53' lang='lat' dir='ltr'>tii.</span> <span class='ocrx_word' id='word_1_305' title='bbox 954 2309 989 2337; x_wconf 44' lang='lat'>65</span> <span class='ocrx_word' id='word_1_306' title='bbox 1007 2318 1014 2337; x_wconf 72' lang='grc' dir='ltr'><strong><em>ε</em></strong></span> <span class='ocrx_word' id='word_1_307' title='bbox 1038 2317 1114 2336; x_wconf 84' lang='lat' dir='ltr'>corr.</span> <span class='ocrx_word' id='word_1_308' title='bbox 1133 2305 1341 2336; x_wconf 75' lang='lat' dir='ltr'>Camerarius</span> <span class='ocrx_word' id='word_1_309' title='bbox 1428 2305 1513 2335; x_wconf 84' lang='lat' dir='ltr'>alios</span> <span class='ocrx_word' id='word_1_310' title='bbox 1529 2304 1580 2334; x_wconf 69' lang='grc' dir='ltr'>Β2</span> 
     </span>
     <span class='ocr_line' id='line_1_37' title="bbox 255 2348 1456 2394; baseline -0.006 -9"><span class='ocrx_word' id='word_1_311' title='bbox 255 2365 320 2394; x_wconf 81' lang='lat'>953</span> <span class='ocrx_word' id='word_1_312' title='bbox 347 2355 462 2385; x_wconf 80' lang='lat' dir='ltr'>uideor</span> <span class='ocrx_word' id='word_1_313' title='bbox 478 2355 541 2386; x_wconf 83' lang='lat' dir='ltr'>cod.</span> <span class='ocrx_word' id='word_1_314' title='bbox 564 2365 654 2386; x_wconf 63' lang='lat' dir='ltr'>vaur.</span> <span class='ocrx_word' id='word_1_315' title='bbox 673 2355 705 2386; x_wconf 71' lang='lat' dir='ltr'>in</span> <span class='ocrx_word' id='word_1_316' title='bbox 721 2353 765 2383; x_wconf 43' lang='lat' dir='ltr'>B?</span> <span class='ocrx_word' id='word_1_317' title='bbox 898 2361 963 2392; x_wconf 86' lang='lat'>955</span> <span class='ocrx_word' id='word_1_318' title='bbox 988 2355 1042 2380; x_wconf 85' lang='lat' dir='ltr'>tus</span> <span class='ocrx_word' id='word_1_319' title='bbox 1057 2348 1122 2381; x_wconf 86' lang='lat' dir='ltr'>cod.</span> <span class='ocrx_word' id='word_1_320' title='bbox 1257 2349 1323 2388; x_wconf 86' lang='lat'>956</span> <span class='ocrx_word' id='word_1_321' title='bbox 1346 2348 1394 2379; x_wconf 73' lang='lat' dir='ltr'>vel</span> <span class='ocrx_word' id='word_1_322' title='bbox 1409 2348 1456 2380; x_wconf 86' lang='lat' dir='ltr'>illi</span> 
     </span>
    </p>
   </div>
   <div class='ocr_carea' id='block_1_4' title="bbox 1703 0 1727 2702">
    <p class='ocr_par' dir='ltr' id='par_1_4' title="bbox 1703 0 1727 2702">
     <span class='ocr_line' id='line_1_38' title="bbox 1703 0 1727 2702; baseline 0 0"><span class='ocrx_word' id='word_1_323' title='bbox 1703 0 1727 2702; x_wconf 95' lang='lat' dir='ltr'> </span> 
     </span>
    </p>
   </div>
  </div>
 </body>
</html>
