1727 2712
626 95 916 135 CVRCVLIO
1377 92 1427 128 ΙΙ.
1450 90 1464 127 i

0 192 1 251 i
20 229 87 265 230
103 212 176 251 CA.
207 217 317 249 estne
338 209 401 248 hic
418 209 622 248 Palinurus
639 208 908 248 Phaedromi?
955 209 1022 245 ΡΑ.
1055 205 1142 255 quis
1157 204 1221 243 hic
1236 210 1295 243 est
1310 204 1432 242 homo
1455 219 1490 251 15

0 278 1 285 ¹
103 289 194 314 cum
215 274 414 314 conlatiuo
434 282 571 313 uentre
591 282 710 324 atque
730 273 855 312 oeulis
876 271 1061 310 herbeis?

103 342 153 380 de
174 341 299 379 forma
317 339 424 386 noui,
445 340 496 378 de
515 341 647 378 colore
667 352 748 377 non
769 351 873 388 queo

104 404 272 444 nouisse.
330 404 409 443 iam
429 403 507 443 iam
527 404 622 442 noui
639 419 646 442 ε
676 405 767 442 leno
787 410 845 441 est
867 402 1095 452 Cappadox.

105 469 343 521 congrediar.
404 471 474 510 CA.
507 471 627 516 salue,
650 468 843 507 Palinure.
904 469 974 505 ΡΑ.
1006 481 1030 505 o
1050 467 1245 506 scelerum
1262 468 1391 513 caput,

21 551 84 588 235
105 538 264 575 salueto.
324 536 419 586 quid
439 535 549 585 agis?
606 536 678 575 CA.
710 534 815 572 uiuo.
876 535 944 571 ΡΑ.
976 545 1120 582 nempe
1140 538 1183 569 ut
1203 529 1345 580 dignus
1365 527 1437 567 es?
1456 544 1497 567 20

105 602 174 640 sed
195 601 290 651 quid
311 600 382 639 tibi
403 602 490 639 est?
548 602 619 640 CA.
651 600 729 638 lien
752 599 891 645 enicat,
914 611 1026 636 renes
1047 597 1194 642 dolent,

105 667 313 717 pulmones
334 665 612 712 distrahuntur,
636 663 830 703 cruciatur
850 663 966 708 iecur,

105 731 255 770 radices
275 730 404 769 cordis
425 738 600 781 pereunt,
625 729 730 767 hirae
751 742 890 767 onmes
911 728 1058 766 dolent.

106 799 176 834 PA.
208 804 290 835 turn
312 803 350 834 te
370 795 485 846 igitur
506 796 667 834 morbus
687 794 807 845 agitat
827 792 1075 844 hepatiarius.

21 875 88 908 240
107 863 178 902 CA.
210 861 322 900 facile
343 868 402 900 est
423 860 609 899 miserum
629 859 809 898 inridere.
869 860 938 896 ΡΑ.
971 857 1068 907 quin
1089 863 1131 894 tu
1150 855 1302 906 aliquot
1322 853 1406 893 dies
1459 872 1498 904 25

105 927 286 978 perdura,
306 927 403 965 dum
424 925 609 964 intestina
629 931 889 975 exputescunt
910 921 991 969 tibi,

106 1005 213 1030 nunc
233 992 329 1030 dum
350 992 498 1029 salsura
517 998 576 1029 sat
596 990 761 1028 bonast:
792 988 823 1027 si
844 988 885 1026 id
907 986 1054 1034 feceris,

107 1056 240 1096 uenire
260 1055 406 1107 poteris
426 1054 621 1094 intestinis
643 1053 768 1092 uilius.

108 1123 180 1162 CA.
212 1121 290 1161 lien
310 1122 532 1160 dierectust.
593 1121 662 1158 ΡΑ.
693 1119 865 1165 ambula,
887 1117 929 1157 id
950 1116 1042 1156 lieni
1063 1117 1319 1167 optumumst.

24 1201 87 1239 245
109 1188 180 1228 CA.
212 1188 321 1226 aufer
341 1186 474 1235 istaec,
494 1199 653 1236 quaeso,
676 1193 796 1235 atque
817 1185 894 1223 hoc
914 1183 1111 1234 responde
1131 1183 1240 1232 quod
1260 1194 1365 1230 rogo.
1461 1198 1502 1230 30

107 1253 219 1303 potin
239 1251 507 1292 coniecturam
527 1252 665 1297 facere,
689 1249 720 1288 si
740 1263 893 1288 narrem
915 1247 986 1287 tibi

108 1319 183 1357 hac
203 1326 321 1357 nocte
340 1318 449 1368 quod
471 1330 544 1367 ego
564 1314 761 1354 somniaui
781 1313 1012 1354 dormiens?

110 1386 179 1422 ΡΑ.
211 1384 289 1422 uah
306 1386 313 1421 !
343 1384 449 1421 solus
469 1381 534 1420 hic
554 1382 714 1419 homost
733 1379 802 1430 qui
823 1378 920 1418 sciat
939 1377 1139 1418 diuinitus.

110 1448 206 1500 quin
227 1448 471 1487 coniectores
491 1460 515 1485 a
534 1460 597 1485 me
618 1444 827 1484 consilium
848 1451 987 1494 petunt
1004 1458 1011 1481 :

25 1527 93 1564 250
110 1515 220 1565 quod
240 1513 295 1552 eis
315 1511 512 1563 respondi,
536 1525 582 1550 ea
602 1524 741 1550 omnes
762 1517 866 1549 stant
887 1508 1092 1548 sententia.
1464 1520 1502 1553 35

257 1619 436 1658 Cocvs
549 1618 875 1654 PALvaRvs
987 1615 1295 1653 CAPPADOX
1463 1614 1494 1652 fi

584 1683 973 1719 PHAEDROMVS

113 1763 188 1802 Co.
220 1759 410 1805 Palinure,
434 1757 532 1808 quid
552 1764 629 1795 stas
645 1759 662 1794 Ρ
691 1756 787 1806 quin
808 1756 1094 1805 depromuntur
1114 1753 1211 1792 mihi

113 1840 214 1877 quae
235 1827 325 1876 opu'
346 1832 449 1872 sunt,
470 1822 639 1873 parasito
660 1829 702 1859 ut
722 1821 770 1859 sit
790 1828 968 1871 paratum
990 1819 1200 1870 prandium

113 1906 236 1943 quom
256 1890 417 1930 ueniat?
475 1890 543 1926 ΡΑ.
577 1900 693 1925 mane
714 1886 775 1932 sis,
799 1887 895 1924 dum
916 1885 1008 1923 huic
1029 1884 1184 1924 conicio
1204 1883 1413 1923 somnium.

114 1959 187 1997 CO.
219 1964 302 1995 tute
321 1956 417 2007 ipse,
439 1955 470 1994 si
490 1953 587 2005 quid
607 1951 821 1993 somniasti,
845 1952 895 1990 ad
916 1965 979 1989 me
1000 1952 1127 1989 refers.

31 2033 71 2070 25
77 2033 94 2070 5
116 2024 184 2060 ΡΑ.
221 2023 353 2060 fateor.
414 2021 486 2060 Co.
523 2019 598 2065 abi,
631 2018 831 2068 de'prome.
891 2020 959 2057 ΡΑ.
992 2029 1063 2067 age
1096 2024 1137 2054 tu
1172 2014 1320 2053 interea
1353 2013 1445 2052 huic
1466 2030 1483 2062 5

1248 2094 1447 2120 sommum

115 2154 238 2189 narra,
260 2139 463 2179 meliorem
483 2151 603 2189 quam
623 2151 696 2188 ego
717 2151 804 2176 sum
825 2150 1008 2188 suppono
1029 2137 1110 2176 tibi.

161 2255 226 2284 230
249 2254 332 2275 esne
343 2243 408 2275 cod.
426 2244 538 2283 (estne
550 2241 592 2283 J)
684 2242 747 2280 236
771 2238 861 2272 liene
879 2247 982 2282 negat
997 2241 1060 2273 cod.
1078 2240 1237 2272 Varronis
1251 2239 1291 2271 de
1306 2238 1346 2271 L.
1361 2238 1400 2270 L.
1415 2249 1444 2278 7,

117 2290 159 2320 60
175 2300 182 2319 ι
206 2289 274 2319 lien
293 2293 391 2318 necat
404 2287 470 2318 cod.
560 2295 625 2324 239
641 2296 670 2316 v.
690 2296 753 2324 244
760 2288 837 2325 post
850 2286 939 2316 hunc
947 2284 1257 2326 posuitAcidalius.
1301 2282 1449 2313 huicloco

121 2332 217 2364 Goetz
233 2332 358 2362 ascribit
373 2331 467 2361 verba
484 2329 599 2361 Sereni
611 2328 822 2360 Sammonici
834 2339 862 2359 v.
882 2339 945 2369 425
966 2329 1095 2360 ‘dulcia
1114 2328 1252 2358 Plautus
1268 2326 1314 2358 ait
1327 2326 1448 2365 grandi

119 2377 230 2407 minus
255 2380 334 2415 apta
351 2374 431 2405 lieni
442 2373 450 2385 '
580 2383 643 2411 242
667 2372 797 2403 salsura
824 2382 868 2402 an
895 2374 1021 2403 saltura
1049 2373 1155 2403 insert.
1185 2370 1250 2402 cod.
1385 2379 1448 2408 244

120 2420 305 2450 dierectust
323 2418 535 2449 Camerarius
549 2428 557 2447 t
581 2417 753 2447 dieructus
769 2415 834 2446 cod.
969 2426 1032 2455 253
1057 2416 1172 2446 ueniet
1188 2414 1220 2444 Β
1234 2417 1309 2445 ante
1323 2423 1403 2444 corr.
