<?xml version="1.0" encoding="UTF-8"?>
<!DOCTYPE html PUBLIC "-//W3C//DTD XHTML 1.0 Transitional//EN"
    "http://www.w3.org/TR/xhtml1/DTD/xhtml1-transitional.dtd">
<html xmlns="http://www.w3.org/1999/xhtml" xml:lang="en" lang="en">
 <head>
  <title>
</title>
<meta http-equiv="Content-Type" content="text/html;charset=utf-8" />
  <meta name='ocr-system' content='tesseract 3.04.00' />
  <meta name='ocr-capabilities' content='ocr_page ocr_carea ocr_par ocr_line ocrx_word'/>
</head>
<body>
  <div class='ocr_page' id='page_1' title='image "./comoediaerecogno01plauuoft_0303.png"; bbox 0 0 1727 2712; ppageno 0'>
   <div class='ocr_carea' id='block_1_1' title="bbox 709 79 1576 122">
    <p class='ocr_par' dir='ltr' id='par_1_1' title="bbox 709 79 1576 122">
     <span class='ocr_line' id='line_1_1' title="bbox 709 79 1576 122; baseline -0.005 -2"><span class='ocrx_word' id='word_1_1' title='bbox 709 82 913 122; x_wconf 72' lang='lat' dir='ltr'><strong>CASINA</strong></span> <span class='ocrx_word' id='word_1_2' title='bbox 1420 80 1462 118; x_wconf 86' lang='lat'>11</span> <span class='ocrx_word' id='word_1_3' title='bbox 1501 79 1576 116; x_wconf 71' lang='lat' dir='ltr'>viii</span> 
     </span>
    </p>
   </div>
   <div class='ocr_carea' id='block_1_2' title="bbox 60 192 1549 2003">
    <p class='ocr_par' dir='ltr' id='par_1_2' title="bbox 146 192 1223 305">
     <span class='ocr_line' id='line_1_2' title="bbox 146 192 1223 244; baseline -0.003 -12"><span class='ocrx_word' id='word_1_4' title='bbox 146 193 257 232; x_wconf 86' lang='lat' dir='ltr'>locus</span> <span class='ocrx_word' id='word_1_5' title='bbox 275 199 334 232; x_wconf 87' lang='lat' dir='ltr'>est</span> <span class='ocrx_word' id='word_1_6' title='bbox 353 201 509 244; x_wconf 83' lang='lat' dir='ltr'>paratus</span> <span class='ocrx_word' id='word_1_7' title='bbox 526 207 534 231; x_wconf 73' lang='grc' dir='ltr'>ε</span> <span class='ocrx_word' id='word_1_8' title='bbox 562 192 598 232; x_wconf 87' lang='lat' dir='ltr'>ei</span> <span class='ocrx_word' id='word_1_9' title='bbox 619 207 692 243; x_wconf 84' lang='lat' dir='ltr'>ego</span> <span class='ocrx_word' id='word_1_10' title='bbox 711 206 887 231; x_wconf 85' lang='lat' dir='ltr'>amorem</span> <span class='ocrx_word' id='word_1_11' title='bbox 908 205 1069 230; x_wconf 83' lang='lat' dir='ltr'>omnem</span> <span class='ocrx_word' id='word_1_12' title='bbox 1090 204 1223 230; x_wconf 85' lang='lat' dir='ltr'>meum</span> 
     </span>
     <span class='ocr_line' id='line_1_3' title="bbox 147 255 1023 305; baseline -0.005 -8"><span class='ocrx_word' id='word_1_13' title='bbox 147 257 361 297; x_wconf 86' lang='lat' dir='ltr'>concredui</span> <span class='ocrx_word' id='word_1_14' title='bbox 374 273 385 305; x_wconf 79' lang='lat'>3</span> <span class='ocrx_word' id='word_1_15' title='bbox 414 257 445 296; x_wconf 85' lang='lat' dir='ltr'>is</span> <span class='ocrx_word' id='word_1_16' title='bbox 467 257 563 296; x_wconf 84' lang='lat' dir='ltr'>mihi</span> <span class='ocrx_word' id='word_1_17' title='bbox 584 272 625 296; x_wconf 87' lang='lat' dir='ltr'>se</span> <span class='ocrx_word' id='word_1_18' title='bbox 646 259 778 296; x_wconf 83' lang='lat' dir='ltr'>locum</span> <span class='ocrx_word' id='word_1_19' title='bbox 799 255 896 295; x_wconf 84' lang='lat' dir='ltr'>dixit</span> <span class='ocrx_word' id='word_1_20' title='bbox 917 257 1023 295; x_wconf 87' lang='lat' dir='ltr'>dare.</span> 
     </span>
    </p>

    <p class='ocr_par' dir='ltr' id='par_1_3' title="bbox 60 318 1543 634">
     <span class='ocr_line' id='line_1_4' title="bbox 60 318 1295 373; baseline -0.002 -12"><span class='ocrx_word' id='word_1_21' title='bbox 60 328 130 369; x_wconf 83' lang='lat'>480</span> <span class='ocrx_word' id='word_1_22' title='bbox 149 325 222 363; x_wconf 88' lang='lat' dir='ltr'>OL.</span> <span class='ocrx_word' id='word_1_23' title='bbox 254 323 350 373; x_wconf 84' lang='lat' dir='ltr'>quid</span> <span class='ocrx_word' id='word_1_24' title='bbox 370 323 467 361; x_wconf 84' lang='lat' dir='ltr'>eiius</span> <span class='ocrx_word' id='word_1_25' title='bbox 488 324 614 360; x_wconf 77' lang='lat' dir='ltr'>uxor?</span> <span class='ocrx_word' id='word_1_26' title='bbox 642 322 711 360; x_wconf 90' lang='lat' dir='ltr'>ubi</span> <span class='ocrx_word' id='word_1_27' title='bbox 731 321 832 360; x_wconf 85' lang='lat' dir='ltr'>erit?</span> <span class='ocrx_word' id='word_1_28' title='bbox 888 322 960 358; x_wconf 73' lang='lat' dir='ltr'>Lv.</span> <span class='ocrx_word' id='word_1_29' title='bbox 980 320 1112 370; x_wconf 90' lang='lat' dir='ltr'>lepide</span> <span class='ocrx_word' id='word_1_30' title='bbox 1132 318 1295 371; x_wconf 87' lang='lat' dir='ltr'><strong>repperi.</strong></span> 
     </span>
     <span class='ocr_line' id='line_1_5' title="bbox 149 385 1543 435; baseline -0.004 -9"><span class='ocrx_word' id='word_1_31' title='bbox 149 401 237 426; x_wconf 86' lang='lat' dir='ltr'>mea</span> <span class='ocrx_word' id='word_1_32' title='bbox 256 388 352 426; x_wconf 81' lang='lat' dir='ltr'>ux6r</span> <span class='ocrx_word' id='word_1_33' title='bbox 371 387 530 426; x_wconf 84' lang='lat' dir='ltr'>uocabit</span> <span class='ocrx_word' id='word_1_34' title='bbox 550 388 629 425; x_wconf 88' lang='lat' dir='ltr'>huc</span> <span class='ocrx_word' id='word_1_35' title='bbox 648 400 735 425; x_wconf 82' lang='lat' dir='ltr'>eam</span> <span class='ocrx_word' id='word_1_36' title='bbox 756 387 806 423; x_wconf 82' lang='lat' dir='ltr'>ad</span> <span class='ocrx_word' id='word_1_37' title='bbox 828 399 868 424; x_wconf 86' lang='lat' dir='ltr'>se</span> <span class='ocrx_word' id='word_1_38' title='bbox 889 385 929 423; x_wconf 86' lang='lat' dir='ltr'>in</span> <span class='ocrx_word' id='word_1_39' title='bbox 949 385 1117 435; x_wconf 78' lang='lat' dir='ltr'>nuptias,</span> <span class='ocrx_word' id='word_1_40' title='bbox 1501 400 1543 432; x_wconf 85' lang='lat'>45</span> 
     </span>
     <span class='ocr_line' id='line_1_6' title="bbox 148 450 1087 499; baseline -0.004 -8"><span class='ocrx_word' id='word_1_41' title='bbox 148 460 192 491; x_wconf 93' lang='lat' dir='ltr'>ut</span> <span class='ocrx_word' id='word_1_42' title='bbox 210 452 274 491; x_wconf 84' lang='lat' dir='ltr'>hic</span> <span class='ocrx_word' id='word_1_43' title='bbox 294 452 343 491; x_wconf 88' lang='lat' dir='ltr'>sit</span> <span class='ocrx_word' id='word_1_44' title='bbox 362 466 507 499; x_wconf 82' lang='lat' dir='ltr'>secum,</span> <span class='ocrx_word' id='word_1_45' title='bbox 531 466 573 490; x_wconf 84' lang='lat' dir='ltr'>se</span> <span class='ocrx_word' id='word_1_46' title='bbox 592 451 764 498; x_wconf 82' lang='lat' dir='ltr'>adiuuet,</span> <span class='ocrx_word' id='word_1_47' title='bbox 789 464 923 489; x_wconf 83' lang='lat' dir='ltr'>secum</span> <span class='ocrx_word' id='word_1_48' title='bbox 944 450 1062 488; x_wconf 82' lang='lat' dir='ltr'>cubet</span> <span class='ocrx_word' id='word_1_49' title='bbox 1076 464 1087 498; x_wconf 64' lang='grc' dir='ltr'><strong><em>ς</em></strong></span> 
     </span>
     <span class='ocr_line' id='line_1_7' title="bbox 148 517 1027 568; baseline -0.005 -12"><span class='ocrx_word' id='word_1_50' title='bbox 148 532 221 568; x_wconf 89' lang='lat' dir='ltr'>ego</span> <span class='ocrx_word' id='word_1_51' title='bbox 241 517 345 564; x_wconf 81' lang='lat' dir='ltr'>iussi,</span> <span class='ocrx_word' id='word_1_52' title='bbox 367 525 405 556; x_wconf 91' lang='lat' dir='ltr'>et</span> <span class='ocrx_word' id='word_1_53' title='bbox 424 517 521 556; x_wconf 88' lang='lat' dir='ltr'>dixit</span> <span class='ocrx_word' id='word_1_54' title='bbox 542 531 583 555; x_wconf 87' lang='lat' dir='ltr'>se</span> <span class='ocrx_word' id='word_1_55' title='bbox 603 518 792 555; x_wconf 80' lang='lat' dir='ltr'>facturam</span> <span class='ocrx_word' id='word_1_56' title='bbox 815 529 909 553; x_wconf 87' lang='lat' dir='ltr'>uxor</span> <span class='ocrx_word' id='word_1_57' title='bbox 930 528 1027 553; x_wconf 86' lang='lat' dir='ltr'>mea.</span> 
     </span>
     <span class='ocr_line' id='line_1_8' title="bbox 148 579 1040 634; baseline -0.002 -14"><span class='ocrx_word' id='word_1_58' title='bbox 148 582 213 620; x_wconf 81' lang='lat' dir='ltr'>illa</span> <span class='ocrx_word' id='word_1_59' title='bbox 233 582 297 620; x_wconf 83' lang='lat' dir='ltr'>hic</span> <span class='ocrx_word' id='word_1_60' title='bbox 316 581 487 629; x_wconf 83' lang='lat' dir='ltr'>cubabit,</span> <span class='ocrx_word' id='word_1_61' title='bbox 511 581 570 619; x_wconf 86' lang='lat' dir='ltr'>uir</span> <span class='ocrx_word' id='word_1_62' title='bbox 589 579 764 634; x_wconf 84' lang='lat' dir='ltr'>ab[i]erit</span> <span class='ocrx_word' id='word_1_63' title='bbox 784 582 872 618; x_wconf 79' lang='lat' dir='ltr'>faxo</span> <span class='ocrx_word' id='word_1_64' title='bbox 893 581 1015 619; x_wconf 86' lang='lat' dir='ltr'>domo</span> <span class='ocrx_word' id='word_1_65' title='bbox 1030 595 1040 627; x_wconf 79' lang='lat'>3</span> 
     </span>
    </p>

    <p class='ocr_par' dir='ltr' id='par_1_4' title="bbox 61 644 1544 947">
     <span class='ocr_line' id='line_1_9' title="bbox 61 644 966 699; baseline -0.004 -13"><span class='ocrx_word' id='word_1_66' title='bbox 61 656 127 699; x_wconf 81' lang='lat'>485</span> <span class='ocrx_word' id='word_1_67' title='bbox 149 655 190 686; x_wconf 86' lang='lat' dir='ltr'>tu</span> <span class='ocrx_word' id='word_1_68' title='bbox 211 661 273 685; x_wconf 84' lang='lat' dir='ltr'>rus</span> <span class='ocrx_word' id='word_1_69' title='bbox 295 660 455 685; x_wconf 87' lang='lat' dir='ltr'>uxorem</span> <span class='ocrx_word' id='word_1_70' title='bbox 476 648 598 685; x_wconf 83' lang='lat' dir='ltr'>duces</span> <span class='ocrx_word' id='word_1_71' title='bbox 616 661 622 683; x_wconf 92' lang='lat'>:</span> <span class='ocrx_word' id='word_1_72' title='bbox 652 645 692 684; x_wconf 91' lang='lat' dir='ltr'>id</span> <span class='ocrx_word' id='word_1_73' title='bbox 714 660 777 683; x_wconf 87' lang='lat' dir='ltr'>rus</span> <span class='ocrx_word' id='word_1_74' title='bbox 799 646 875 684; x_wconf 87' lang='lat' dir='ltr'>hoc</span> <span class='ocrx_word' id='word_1_75' title='bbox 895 644 966 683; x_wconf 87' lang='lat' dir='ltr'>erit</span> 
     </span>
     <span class='ocr_line' id='line_1_10' title="bbox 148 709 1544 763; baseline -0.002 -13"><span class='ocrx_word' id='word_1_76' title='bbox 148 712 335 763; x_wconf 81' lang='lat' dir='ltr'>tantisper</span> <span class='ocrx_word' id='word_1_77' title='bbox 355 714 451 750; x_wconf 87' lang='lat' dir='ltr'>dum</span> <span class='ocrx_word' id='word_1_78' title='bbox 471 725 545 762; x_wconf 87' lang='lat' dir='ltr'>ego</span> <span class='ocrx_word' id='word_1_79' title='bbox 565 725 656 750; x_wconf 85' lang='lat' dir='ltr'>cum</span> <span class='ocrx_word' id='word_1_80' title='bbox 678 711 824 750; x_wconf 77' lang='lat' dir='ltr'>Casina</span> <span class='ocrx_word' id='word_1_81' title='bbox 844 709 982 748; x_wconf 82' lang='lat' dir='ltr'>faciam</span> <span class='ocrx_word' id='word_1_82' title='bbox 1005 710 1174 761; x_wconf 83' lang='lat' dir='ltr'>nuptias.</span> <span class='ocrx_word' id='word_1_83' title='bbox 1501 721 1544 755; x_wconf 87' lang='lat'>50</span> 
     </span>
     <span class='ocr_line' id='line_1_11' title="bbox 148 777 1060 826; baseline -0.003 -10"><span class='ocrx_word' id='word_1_84' title='bbox 148 778 240 816; x_wconf 90' lang='lat' dir='ltr'>hinc</span> <span class='ocrx_word' id='word_1_85' title='bbox 260 786 301 816; x_wconf 86' lang='lat' dir='ltr'>tu</span> <span class='ocrx_word' id='word_1_86' title='bbox 321 786 412 816; x_wconf 85' lang='lat' dir='ltr'>ante</span> <span class='ocrx_word' id='word_1_87' title='bbox 431 779 561 816; x_wconf 89' lang='lat' dir='ltr'>lucem</span> <span class='ocrx_word' id='word_1_88' title='bbox 582 791 645 815; x_wconf 83' lang='lat' dir='ltr'>rus</span> <span class='ocrx_word' id='word_1_89' title='bbox 665 790 750 816; x_wconf 83' lang='lat' dir='ltr'>cras</span> <span class='ocrx_word' id='word_1_90' title='bbox 770 777 892 814; x_wconf 84' lang='lat' dir='ltr'>duces</span> <span class='ocrx_word' id='word_1_91' title='bbox 913 784 1060 826; x_wconf 85' lang='lat' dir='ltr'>postea.</span> 
     </span>
     <span class='ocr_line' id='line_1_12' title="bbox 148 839 1395 891; baseline -0.003 -10"><span class='ocrx_word' id='word_1_92' title='bbox 148 843 249 881; x_wconf 88' lang='lat' dir='ltr'>satin</span> <span class='ocrx_word' id='word_1_93' title='bbox 269 844 416 881; x_wconf 87' lang='lat' dir='ltr'>docte?</span> <span class='ocrx_word' id='word_1_94' title='bbox 472 843 546 881; x_wconf 87' lang='lat' dir='ltr'>OL.</span> <span class='ocrx_word' id='word_1_95' title='bbox 579 850 718 880; x_wconf 81' lang='lat' dir='ltr'>astute.</span> <span class='ocrx_word' id='word_1_96' title='bbox 780 842 857 880; x_wconf 83' lang='lat' dir='ltr'>CH.</span> <span class='ocrx_word' id='word_1_97' title='bbox 890 854 960 891; x_wconf 83' lang='lat' dir='ltr'>age</span> <span class='ocrx_word' id='word_1_98' title='bbox 982 841 1114 886; x_wconf 90' lang='lat' dir='ltr'>modo,</span> <span class='ocrx_word' id='word_1_99' title='bbox 1139 839 1395 887; x_wconf 82' lang='lat' dir='ltr'>fabricamini,</span> 
     </span>
     <span class='ocr_line' id='line_1_13' title="bbox 149 906 994 947; baseline -0.002 -1"><span class='ocrx_word' id='word_1_100' title='bbox 149 910 252 947; x_wconf 86' lang='lat' dir='ltr'>malo</span> <span class='ocrx_word' id='word_1_101' title='bbox 273 909 404 947; x_wconf 86' lang='lat' dir='ltr'>hercle</span> <span class='ocrx_word' id='word_1_102' title='bbox 423 916 558 946; x_wconf 84' lang='lat' dir='ltr'>uostro</span> <span class='ocrx_word' id='word_1_103' title='bbox 579 915 660 945; x_wconf 89' lang='lat' dir='ltr'>tam</span> <span class='ocrx_word' id='word_1_104' title='bbox 682 907 831 945; x_wconf 81' lang='lat' dir='ltr'>uorsuti</span> <span class='ocrx_word' id='word_1_105' title='bbox 852 906 994 945; x_wconf 80' lang='lat' dir='ltr'>uiuitis.</span> 
     </span>
    </p>

    <p class='ocr_par' dir='ltr' id='par_1_5' title="bbox 62 972 1481 1024">
     <span class='ocr_line' id='line_1_14' title="bbox 62 972 1481 1024; baseline -0.003 -12"><span class='ocrx_word' id='word_1_106' title='bbox 62 987 130 1022; x_wconf 87' lang='lat'>490</span> <span class='ocrx_word' id='word_1_107' title='bbox 149 975 222 1012; x_wconf 77' lang='lat' dir='ltr'>LY.</span> <span class='ocrx_word' id='word_1_108' title='bbox 251 973 335 1012; x_wconf 87' lang='lat' dir='ltr'>scin</span> <span class='ocrx_word' id='word_1_109' title='bbox 363 973 460 1024; x_wconf 88' lang='lat' dir='ltr'>quid</span> <span class='ocrx_word' id='word_1_110' title='bbox 490 986 597 1011; x_wconf 88' lang='lat' dir='ltr'>nune</span> <span class='ocrx_word' id='word_1_111' title='bbox 626 972 775 1010; x_wconf 81' lang='lat' dir='ltr'>facias?</span> <span class='ocrx_word' id='word_1_112' title='bbox 831 973 904 1011; x_wconf 87' lang='lat' dir='ltr'>OL.</span> <span class='ocrx_word' id='word_1_113' title='bbox 937 973 1108 1021; x_wconf 89' lang='lat' dir='ltr'>loquere.</span> <span class='ocrx_word' id='word_1_114' title='bbox 1169 973 1238 1009; x_wconf 66' lang='lat' dir='ltr'>Lv.</span> <span class='ocrx_word' id='word_1_115' title='bbox 1271 978 1360 1009; x_wconf 88' lang='lat' dir='ltr'>tene</span> <span class='ocrx_word' id='word_1_116' title='bbox 1385 984 1481 1009; x_wconf 82' lang='lat' dir='ltr'>mar-</span> 
     </span>
    </p>

    <p class='ocr_par' dir='ltr' id='par_1_6' title="bbox 1281 1035 1477 1086">
     <span class='ocr_line' id='line_1_15' title="bbox 1281 1035 1477 1086; baseline -0.005 -12"><span class='ocrx_word' id='word_1_117' title='bbox 1281 1035 1477 1086; x_wconf 84' lang='lat' dir='ltr'>suppium,</span> 
     </span>
    </p>

    <p class='ocr_par' dir='ltr' id='par_1_7' title="bbox 146 1102 1544 1349">
     <span class='ocr_line' id='line_1_16' title="bbox 146 1102 1544 1155; baseline -0.004 -11"><span class='ocrx_word' id='word_1_118' title='bbox 146 1104 211 1144; x_wconf 82' lang='lat' dir='ltr'>abi</span> <span class='ocrx_word' id='word_1_119' title='bbox 231 1112 349 1155; x_wconf 82' lang='lat' dir='ltr'>atque</span> <span class='ocrx_word' id='word_1_120' title='bbox 369 1118 532 1154; x_wconf 81' lang='lat' dir='ltr'>opsona‚</span> <span class='ocrx_word' id='word_1_121' title='bbox 556 1117 735 1154; x_wconf 82' lang='lat' dir='ltr'>propera,</span> <span class='ocrx_word' id='word_1_122' title='bbox 755 1103 826 1141; x_wconf 81' lang='lat' dir='ltr'>sed</span> <span class='ocrx_word' id='word_1_123' title='bbox 847 1102 977 1153; x_wconf 85' lang='lat' dir='ltr'>lepide</span> <span class='ocrx_word' id='word_1_124' title='bbox 998 1103 1102 1149; x_wconf 89' lang='lat' dir='ltr'>uolo,</span> <span class='ocrx_word' id='word_1_125' title='bbox 1501 1112 1544 1144; x_wconf 87' lang='lat'>55</span> 
     </span>
     <span class='ocr_line' id='line_1_17' title="bbox 149 1165 1250 1219; baseline -0.004 -11"><span class='ocrx_word' id='word_1_126' title='bbox 149 1169 365 1208; x_wconf 83' lang='lat' dir='ltr'>molliculas</span> <span class='ocrx_word' id='word_1_127' title='bbox 386 1183 506 1216; x_wconf 81' lang='lat' dir='ltr'>escas,</span> <span class='ocrx_word' id='word_1_128' title='bbox 529 1175 572 1206; x_wconf 90' lang='lat' dir='ltr'>ut</span> <span class='ocrx_word' id='word_1_129' title='bbox 593 1167 677 1219; x_wconf 84' lang='lat' dir='ltr'>ipsa</span> <span class='ocrx_word' id='word_1_130' title='bbox 697 1167 896 1206; x_wconf 84' lang='lat' dir='ltr'>mollicula</span> <span class='ocrx_word' id='word_1_131' title='bbox 915 1175 982 1205; x_wconf 84' lang='lat' dir='ltr'>est.</span> <span class='ocrx_word' id='word_1_132' title='bbox 1044 1167 1117 1206; x_wconf 84' lang='lat' dir='ltr'>OL.</span> <span class='ocrx_word' id='word_1_133' title='bbox 1150 1165 1250 1205; x_wconf 81' lang='lat' dir='ltr'>licet.</span> 
     </span>
     <span class='ocr_line' id='line_1_18' title="bbox 150 1233 1074 1285; baseline -0.005 -10"><span class='ocrx_word' id='word_1_134' title='bbox 150 1238 222 1274; x_wconf 81' lang='lat' dir='ltr'>LY.</span> <span class='ocrx_word' id='word_1_135' title='bbox 251 1235 372 1275; x_wconf 89' lang='lat' dir='ltr'>emito</span> <span class='ocrx_word' id='word_1_136' title='bbox 393 1235 573 1285; x_wconf 84' lang='lat' dir='ltr'>sepiolas‚</span> <span class='ocrx_word' id='word_1_137' title='bbox 596 1235 769 1284; x_wconf 80' lang='lat' dir='ltr'>lepadas,</span> <span class='ocrx_word' id='word_1_138' title='bbox 792 1233 1074 1284; x_wconf 60' lang='lat' dir='ltr'>lolligunculas„</span> 
     </span>
     <span class='ocr_line' id='line_1_19' title="bbox 149 1298 1039 1349; baseline -0.004 -9"><span class='ocrx_word' id='word_1_139' title='bbox 149 1300 478 1348; x_wconf 82' lang='lat' dir='ltr'>hordeias‚—CH.</span> <span class='ocrx_word' id='word_1_140' title='bbox 511 1299 634 1338; x_wconf 89' lang='lat' dir='ltr'>immo</span> <span class='ocrx_word' id='word_1_141' title='bbox 655 1298 850 1346; x_wconf 75' lang='lat' dir='ltr'>triticeias‚</span> <span class='ocrx_word' id='word_1_142' title='bbox 874 1299 904 1337; x_wconf 86' lang='lat' dir='ltr'>si</span> <span class='ocrx_word' id='word_1_143' title='bbox 925 1298 1039 1349; x_wconf 83' lang='lat' dir='ltr'>sapis.</span> 
     </span>
    </p>

    <p class='ocr_par' dir='ltr' id='par_1_8' title="bbox 63 1363 1549 1682">
     <span class='ocr_line' id='line_1_20' title="bbox 63 1363 1352 1416; baseline -0.002 -12"><span class='ocrx_word' id='word_1_144' title='bbox 63 1380 128 1416; x_wconf 82' lang='lat'>495</span> <span class='ocrx_word' id='word_1_145' title='bbox 149 1367 219 1404; x_wconf 76' lang='lat' dir='ltr'>Lv.</span> <span class='ocrx_word' id='word_1_146' title='bbox 251 1367 388 1404; x_wconf 77' lang='lat' dir='ltr'>soleas.</span> <span class='ocrx_word' id='word_1_147' title='bbox 449 1366 526 1405; x_wconf 82' lang='lat' dir='ltr'>CH.</span> <span class='ocrx_word' id='word_1_148' title='bbox 559 1364 627 1414; x_wconf 87' lang='lat' dir='ltr'>qui</span> <span class='ocrx_word' id='word_1_149' title='bbox 648 1378 796 1415; x_wconf 79' lang='lat' dir='ltr'>quaeso</span> <span class='ocrx_word' id='word_1_150' title='bbox 816 1363 947 1414; x_wconf 81' lang='lat' dir='ltr'>potius</span> <span class='ocrx_word' id='word_1_151' title='bbox 968 1377 1087 1414; x_wconf 83' lang='lat' dir='ltr'>quam</span> <span class='ocrx_word' id='word_1_152' title='bbox 1109 1365 1352 1414; x_wconf 83' lang='lat' dir='ltr'>sculponeas,</span> 
     </span>
     <span class='ocr_line' id='line_1_21' title="bbox 148 1428 1549 1482; baseline -0.005 -12"><span class='ocrx_word' id='word_1_153' title='bbox 148 1431 282 1482; x_wconf 88' lang='lat' dir='ltr'>quibu’</span> <span class='ocrx_word' id='word_1_154' title='bbox 306 1432 505 1470; x_wconf 84' lang='lat' dir='ltr'>battuatur</span> <span class='ocrx_word' id='word_1_155' title='bbox 525 1430 595 1469; x_wconf 88' lang='lat' dir='ltr'>tibi</span> <span class='ocrx_word' id='word_1_156' title='bbox 617 1444 672 1477; x_wconf 84' lang='lat' dir='ltr'>os,</span> <span class='ocrx_word' id='word_1_157' title='bbox 695 1443 814 1468; x_wconf 79' lang='lat' dir='ltr'>senex</span> <span class='ocrx_word' id='word_1_158' title='bbox 835 1428 1119 1479; x_wconf 79' lang='lat' dir='ltr'>nequissume?</span> <span class='ocrx_word' id='word_1_159' title='bbox 1505 1431 1549 1463; x_wconf 90' lang='lat'>60</span> 
     </span>
     <span class='ocr_line' id='line_1_22' title="bbox 148 1492 1483 1546; baseline -0.003 -11"><span class='ocrx_word' id='word_1_160' title='bbox 148 1497 221 1536; x_wconf 88' lang='lat' dir='ltr'>OL.</span> <span class='ocrx_word' id='word_1_161' title='bbox 244 1495 312 1534; x_wconf 89' lang='lat' dir='ltr'>uin</span> <span class='ocrx_word' id='word_1_162' title='bbox 328 1496 571 1546; x_wconf 82' lang='lat' dir='ltr'>lingulacas?</span> <span class='ocrx_word' id='word_1_163' title='bbox 628 1497 697 1533; x_wconf 76' lang='lat' dir='ltr'>Lv.</span> <span class='ocrx_word' id='word_1_164' title='bbox 721 1494 818 1545; x_wconf 89' lang='lat' dir='ltr'>quid</span> <span class='ocrx_word' id='word_1_165' title='bbox 834 1502 963 1545; x_wconf 87' lang='lat' dir='ltr'>opust,</span> <span class='ocrx_word' id='word_1_166' title='bbox 981 1495 1143 1544; x_wconf 85' lang='lat' dir='ltr'>quando</span> <span class='ocrx_word' id='word_1_167' title='bbox 1159 1507 1255 1532; x_wconf 87' lang='lat' dir='ltr'>uxor</span> <span class='ocrx_word' id='word_1_168' title='bbox 1270 1492 1380 1532; x_wconf 87' lang='lat' dir='ltr'>domi</span> <span class='ocrx_word' id='word_1_169' title='bbox 1395 1494 1483 1532; x_wconf 86' lang='lat' dir='ltr'>est?</span> 
     </span>
     <span class='ocr_line' id='line_1_23' title="bbox 147 1560 1124 1611; baseline -0.003 -11"><span class='ocrx_word' id='word_1_170' title='bbox 147 1575 193 1600; x_wconf 87' lang='lat' dir='ltr'>ea</span> <span class='ocrx_word' id='word_1_171' title='bbox 212 1561 407 1611; x_wconf 83' lang='lat' dir='ltr'>lingulaca</span> <span class='ocrx_word' id='word_1_172' title='bbox 427 1569 485 1599; x_wconf 79' lang='lat' dir='ltr'>est</span> <span class='ocrx_word' id='word_1_173' title='bbox 504 1560 631 1607; x_wconf 82' lang='lat' dir='ltr'>nobis,</span> <span class='ocrx_word' id='word_1_174' title='bbox 655 1573 747 1598; x_wconf 84' lang='lat' dir='ltr'>narn</span> <span class='ocrx_word' id='word_1_175' title='bbox 770 1573 989 1610; x_wconf 87' lang='lat' dir='ltr'>numquam</span> <span class='ocrx_word' id='word_1_176' title='bbox 1010 1566 1124 1598; x_wconf 84' lang='lat' dir='ltr'>tacet.</span> 
     </span>
     <span class='ocr_line' id='line_1_24' title="bbox 148 1624 958 1682; baseline -0.002 -18"><span class='ocrx_word' id='word_1_177' title='bbox 148 1627 222 1665; x_wconf 88' lang='lat' dir='ltr'>OL.</span> <span class='ocrx_word' id='word_1_178' title='bbox 255 1626 294 1664; x_wconf 87' lang='lat' dir='ltr'>in</span> <span class='ocrx_word' id='word_1_179' title='bbox 314 1640 354 1664; x_wconf 87' lang='lat' dir='ltr'>re</span> <span class='ocrx_word' id='word_1_180' title='bbox 374 1625 569 1682; x_wconf 54' lang='lat' dir='ltr'>piaesenti</span> <span class='ocrx_word' id='word_1_181' title='bbox 591 1639 637 1663; x_wconf 81' lang='lat' dir='ltr'>ex</span> <span class='ocrx_word' id='word_1_182' title='bbox 657 1625 771 1675; x_wconf 84' lang='lat' dir='ltr'>eopia</span> <span class='ocrx_word' id='word_1_183' title='bbox 791 1624 958 1675; x_wconf 82' lang='lat' dir='ltr'>piscaria</span> 
     </span>
    </p>

    <p class='ocr_par' dir='ltr' id='par_1_9' title="bbox 65 1684 1546 2003">
     <span class='ocr_line' id='line_1_25' title="bbox 65 1684 1344 1743; baseline -0.002 -12"><span class='ocrx_word' id='word_1_184' title='bbox 65 1705 130 1743; x_wconf 82' lang='lat'>500</span> <span class='ocrx_word' id='word_1_185' title='bbox 148 1693 353 1730; x_wconf 86' lang='lat' dir='ltr'>consulere</span> <span class='ocrx_word' id='word_1_186' title='bbox 374 1684 470 1741; x_wconf 86' lang='lat' dir='ltr'>quid</span> <span class='ocrx_word' id='word_1_187' title='bbox 491 1704 620 1729; x_wconf 88' lang='lat' dir='ltr'>emam</span> <span class='ocrx_word' id='word_1_188' title='bbox 642 1698 791 1741; x_wconf 87' lang='lat' dir='ltr'>potero.</span> <span class='ocrx_word' id='word_1_189' title='bbox 853 1692 923 1728; x_wconf 66' lang='lat' dir='ltr'>Lv.</span> <span class='ocrx_word' id='word_1_190' title='bbox 955 1689 1126 1740; x_wconf 76' lang='lat' dir='ltr'>aequom</span> <span class='ocrx_word' id='word_1_191' title='bbox 1148 1703 1249 1737; x_wconf 84' lang='lat' dir='ltr'>oras,</span> <span class='ocrx_word' id='word_1_192' title='bbox 1268 1688 1344 1728; x_wconf 84' lang='lat' dir='ltr'>abi.</span> 
     </span>
     <span class='ocr_line' id='line_1_26' title="bbox 147 1755 1546 1808; baseline -0.004 -12"><span class='ocrx_word' id='word_1_193' title='bbox 147 1765 308 1808; x_wconf 83' lang='lat' dir='ltr'>argento</span> <span class='ocrx_word' id='word_1_194' title='bbox 328 1757 434 1808; x_wconf 88' lang='lat' dir='ltr'>parci</span> <span class='ocrx_word' id='word_1_195' title='bbox 455 1759 558 1804; x_wconf 88' lang='lat' dir='ltr'>nolo,</span> <span class='ocrx_word' id='word_1_196' title='bbox 582 1764 778 1806; x_wconf 85' lang='lat' dir='ltr'>opsonato</span> <span class='ocrx_word' id='word_1_197' title='bbox 798 1755 989 1807; x_wconf 83' lang='lat' dir='ltr'>ampliter.</span> <span class='ocrx_word' id='word_1_198' title='bbox 1503 1758 1546 1801; x_wconf 86' lang='lat'>65</span> 
     </span>
     <span class='ocr_line' id='line_1_27' title="bbox 149 1822 1178 1872; baseline -0.001 -11"><span class='ocrx_word' id='word_1_199' title='bbox 149 1837 239 1861; x_wconf 85' lang='lat' dir='ltr'>nam</span> <span class='ocrx_word' id='word_1_200' title='bbox 261 1823 356 1861; x_wconf 83' lang='lat' dir='ltr'>mihi</span> <span class='ocrx_word' id='word_1_201' title='bbox 377 1822 511 1861; x_wconf 84' lang='lat' dir='ltr'>uicino</span> <span class='ocrx_word' id='word_1_202' title='bbox 530 1824 607 1861; x_wconf 87' lang='lat' dir='ltr'>hoc</span> <span class='ocrx_word' id='word_1_203' title='bbox 628 1822 746 1861; x_wconf 83' lang='lat' dir='ltr'>etiam</span> <span class='ocrx_word' id='word_1_204' title='bbox 767 1830 968 1861; x_wconf 85' lang='lat' dir='ltr'>conuento</span> <span class='ocrx_word' id='word_1_205' title='bbox 990 1830 1047 1861; x_wconf 86' lang='lat' dir='ltr'>est</span> <span class='ocrx_word' id='word_1_206' title='bbox 1068 1836 1178 1872; x_wconf 84' lang='lat' dir='ltr'>opus,</span> 
     </span>
     <span class='ocr_line' id='line_1_28' title="bbox 148 1887 1434 1938; baseline -0.002 -11"><span class='ocrx_word' id='word_1_207' title='bbox 148 1894 190 1926; x_wconf 88' lang='lat' dir='ltr'>ut</span> <span class='ocrx_word' id='word_1_208' title='bbox 210 1889 319 1938; x_wconf 89' lang='lat' dir='ltr'>quod</span> <span class='ocrx_word' id='word_1_209' title='bbox 341 1887 527 1927; x_wconf 82' lang='lat' dir='ltr'>mandaui</span> <span class='ocrx_word' id='word_1_210' title='bbox 548 1895 668 1926; x_wconf 81' lang='lat' dir='ltr'>curet.</span> <span class='ocrx_word' id='word_1_211' title='bbox 726 1888 799 1926; x_wconf 84' lang='lat' dir='ltr'>OL.</span> <span class='ocrx_word' id='word_1_212' title='bbox 833 1887 963 1925; x_wconf 86' lang='lat' dir='ltr'>iamne</span> <span class='ocrx_word' id='word_1_213' title='bbox 984 1887 1114 1925; x_wconf 81' lang='lat' dir='ltr'>abeo?</span> <span class='ocrx_word' id='word_1_214' title='bbox 1171 1888 1241 1924; x_wconf 78' lang='lat' dir='ltr'>LY.</span> <span class='ocrx_word' id='word_1_215' title='bbox 1274 1887 1434 1924; x_wconf 64' lang='lat' dir='ltr'>uolo.-</span> 
     </span>
     <span class='ocr_line' id='line_1_29' title="bbox 149 1952 1116 2003; baseline -0.002 -11"><span class='ocrx_word' id='word_1_216' title='bbox 149 1954 226 1992; x_wconf 73' lang='lat' dir='ltr'>CH.</span> <span class='ocrx_word' id='word_1_217' title='bbox 258 1953 372 1992; x_wconf 89' lang='lat' dir='ltr'>tribu&#39;</span> <span class='ocrx_word' id='word_1_218' title='bbox 393 1967 474 1992; x_wconf 88' lang='lat' dir='ltr'>non</span> <span class='ocrx_word' id='word_1_219' title='bbox 495 1952 666 1992; x_wconf 87' lang='lat' dir='ltr'>conduci</span> <span class='ocrx_word' id='word_1_220' title='bbox 687 1966 849 2003; x_wconf 83' lang='lat' dir='ltr'>possum</span> <span class='ocrx_word' id='word_1_221' title='bbox 870 1952 1116 1991; x_wconf 83' lang='lat' dir='ltr'>libertatibus</span> 
     </span>
    </p>
   </div>
   <div class='ocr_carea' id='block_1_3' title="bbox 191 2054 1486 2097">
    <p class='ocr_par' dir='ltr' id='par_1_10' title="bbox 191 2054 1486 2097">
     <span class='ocr_line' id='line_1_30' title="bbox 191 2054 1486 2097; baseline -0.002 -10"><span class='ocrx_word' id='word_1_222' title='bbox 191 2057 255 2096; x_wconf 91' lang='lat'>478</span> <span class='ocrx_word' id='word_1_223' title='bbox 278 2067 412 2088; x_wconf 84' lang='lat' dir='ltr'>omnem</span> <span class='ocrx_word' id='word_1_224' title='bbox 435 2068 584 2089; x_wconf 86' lang='lat' dir='ltr'>amorem</span> <span class='ocrx_word' id='word_1_225' title='bbox 609 2057 694 2090; x_wconf 83' lang='lat' dir='ltr'><em>cod.:</em></span> <span class='ocrx_word' id='word_1_226' title='bbox 734 2059 807 2089; x_wconf 74' lang='grc' dir='ltr'><em>[ναί.</em></span> <span class='ocrx_word' id='word_1_227' title='bbox 836 2057 988 2097; x_wconf 82' lang='lat' dir='ltr'>Pylades,</span> <span class='ocrx_word' id='word_1_228' title='bbox 1018 2068 1099 2088; x_wconf 85' lang='lat' dir='ltr'>nam</span> <span class='ocrx_word' id='word_1_229' title='bbox 1128 2059 1404 2086; x_wconf 64' lang='lat' dir='ltr'>amorem—meum</span> <span class='ocrx_word' id='word_1_230' title='bbox 1430 2054 1486 2085; x_wconf 77' lang='lat' dir='ltr'>vix</span> 
     </span>
    </p>
   </div>
   <div class='ocr_carea' id='block_1_4' title="bbox 137 2099 1484 2272">
    <p class='ocr_par' dir='ltr' id='par_1_11' title="bbox 137 2099 1484 2272">
     <span class='ocr_line' id='line_1_31' title="bbox 137 2099 1484 2142; baseline 0.001 -12"><span class='ocrx_word' id='word_1_231' title='bbox 137 2100 316 2140; x_wconf 80' lang='lat' dir='ltr'>ferendum</span> <span class='ocrx_word' id='word_1_232' title='bbox 449 2103 513 2139; x_wconf 85' lang='lat'>482</span> <span class='ocrx_word' id='word_1_233' title='bbox 537 2103 675 2133; x_wconf 89' lang='lat' dir='ltr'>adiuuet</span> <span class='ocrx_word' id='word_1_234' title='bbox 694 2101 752 2142; x_wconf 80' lang='lat' dir='ltr'>(B)</span> <span class='ocrx_word' id='word_1_235' title='bbox 777 2113 821 2132; x_wconf 82' lang='lat' dir='ltr'>an</span> <span class='ocrx_word' id='word_1_236' title='bbox 839 2103 969 2133; x_wconf 86' lang='lat' dir='ltr'>adiutet</span> <span class='ocrx_word' id='word_1_237' title='bbox 984 2101 1067 2140; x_wconf 71' lang='lat' dir='ltr'>(PE,</span> <span class='ocrx_word' id='word_1_238' title='bbox 1087 2102 1168 2139; x_wconf 82' lang='lat' dir='ltr'><strong><em>fort.</em></strong></span> <span class='ocrx_word' id='word_1_239' title='bbox 1189 2103 1278 2130; x_wconf 82' lang='lat' dir='ltr'>recte:</span> <span class='ocrx_word' id='word_1_240' title='bbox 1304 2099 1341 2137; x_wconf 88' lang='lat' dir='ltr'>cf.</span> <span class='ocrx_word' id='word_1_241' title='bbox 1359 2109 1389 2129; x_wconf 88' lang='lat' dir='ltr'>v.</span> <span class='ocrx_word' id='word_1_242' title='bbox 1404 2099 1484 2137; x_wconf 84' lang='lat'>580)</span> 
     </span>
     <span class='ocr_line' id='line_1_32' title="bbox 147 2142 1484 2186; baseline -0.002 -12"><span class='ocrx_word' id='word_1_243' title='bbox 147 2145 254 2175; x_wconf 82' lang='lat' dir='ltr'>incert.</span> <span class='ocrx_word' id='word_1_244' title='bbox 269 2144 334 2176; x_wconf 82' lang='lat' dir='ltr'><em>cod.</em></span> <span class='ocrx_word' id='word_1_245' title='bbox 396 2147 457 2184; x_wconf 84' lang='lat'>484</span> <span class='ocrx_word' id='word_1_246' title='bbox 484 2147 536 2176; x_wconf 86' lang='lat' dir='ltr'>uir</span> <span class='ocrx_word' id='word_1_247' title='bbox 548 2146 655 2176; x_wconf 78' lang='lat' dir='ltr'>aberit</span> <span class='ocrx_word' id='word_1_248' title='bbox 672 2145 884 2176; x_wconf 75' lang='lat' dir='ltr'>Cameram&#39;us</span> <span class='ocrx_word' id='word_1_249' title='bbox 899 2158 905 2177; x_wconf 72' lang='grc' dir='ltr'><strong><em>ς</em></strong></span> <span class='ocrx_word' id='word_1_250' title='bbox 933 2146 993 2186; x_wconf 75' lang='lat' dir='ltr'>[si]</span> <span class='ocrx_word' id='word_1_251' title='bbox 1014 2146 1066 2175; x_wconf 76' lang='lat' dir='ltr'>uit·</span> <span class='ocrx_word' id='word_1_252' title='bbox 1084 2144 1204 2174; x_wconf 82' lang='lat' dir='ltr'>abierit</span> <span class='ocrx_word' id='word_1_253' title='bbox 1219 2142 1285 2173; x_wconf 84' lang='lat' dir='ltr'><em>cod.</em></span> <span class='ocrx_word' id='word_1_254' title='bbox 1350 2142 1412 2180; x_wconf 85' lang='lat'>485</span> <span class='ocrx_word' id='word_1_255' title='bbox 1430 2142 1484 2172; x_wconf 86' lang='lat' dir='ltr'>hic</span> 
     </span>
     <span class='ocr_line' id='line_1_33' title="bbox 150 2185 1484 2229; baseline -0.003 -11"><span class='ocrx_word' id='word_1_256' title='bbox 150 2187 344 2218; x_wconf 78' lang='lat' dir='ltr'>Gulielmius</span> <span class='ocrx_word' id='word_1_257' title='bbox 431 2191 495 2227; x_wconf 88' lang='lat'>488</span> <span class='ocrx_word' id='word_1_258' title='bbox 518 2190 605 2220; x_wconf 77' lang='lat' dir='ltr'>satin</span> <span class='ocrx_word' id='word_1_259' title='bbox 622 2196 655 2220; x_wconf 84' lang='lat' dir='ltr'>at</span> <span class='ocrx_word' id='word_1_260' title='bbox 673 2195 743 2220; x_wconf 85' lang='lat' dir='ltr'>tute</span> <span class='ocrx_word' id='word_1_261' title='bbox 762 2196 767 2213; x_wconf 41' lang='grc' dir='ltr'>θ’</span> <span class='ocrx_word' id='word_1_262' title='bbox 782 2195 843 2229; x_wconf 76' lang='lat' dir='ltr'>pro</span> <span class='ocrx_word' id='word_1_263' title='bbox 862 2195 973 2221; x_wconf 81' lang='lat' dir='ltr'>astute</span> <span class='ocrx_word' id='word_1_264' title='bbox 985 2191 1009 2219; x_wconf 50' lang='lat'>35</span> <span class='ocrx_word' id='word_1_265' title='bbox 1029 2194 1057 2219; x_wconf 76' lang='lat' dir='ltr'>e!</span> <span class='ocrx_word' id='word_1_266' title='bbox 1074 2189 1107 2218; x_wconf 79' lang='lat' dir='ltr'>in</span> <span class='ocrx_word' id='word_1_267' title='bbox 1126 2199 1234 2227; x_wconf 81' lang='lat' dir='ltr'><em>marg.</em></span> <span class='ocrx_word' id='word_1_268' title='bbox 1257 2190 1293 2216; x_wconf 84' lang='lat' dir='ltr'>nt</span> <span class='ocrx_word' id='word_1_269' title='bbox 1307 2185 1370 2216; x_wconf 78' lang='lat' dir='ltr'>vid.</span> <span class='ocrx_word' id='word_1_270' title='bbox 1385 2185 1484 2215; x_wconf 82' lang='lat' dir='ltr'>docte</span> 
     </span>
     <span class='ocr_line' id='line_1_34' title="bbox 147 2227 1482 2272; baseline -0.002 -11"><span class='ocrx_word' id='word_1_271' title='bbox 147 2231 233 2262; x_wconf 89' lang='lat' dir='ltr'><em>cod.:</em></span> <span class='ocrx_word' id='word_1_272' title='bbox 259 2242 283 2262; x_wconf 81' lang='lat' dir='ltr'>S.</span> <span class='ocrx_word' id='word_1_273' title='bbox 302 2235 398 2264; x_wconf 70' lang='lat' dir='ltr'>astu?</span> <span class='ocrx_word' id='word_1_274' title='bbox 423 2234 485 2263; x_wconf 35' lang='lat'>01⁴.</span> <span class='ocrx_word' id='word_1_275' title='bbox 502 2235 600 2263; x_wconf 84' lang='lat' dir='ltr'>docte</span> <span class='ocrx_word' id='word_1_276' title='bbox 619 2233 720 2263; x_wconf 75' lang='lat' dir='ltr'>Bothe</span> <span class='ocrx_word' id='word_1_277' title='bbox 838 2244 902 2272; x_wconf 85' lang='lat'>493</span> <span class='ocrx_word' id='word_1_278' title='bbox 927 2233 1054 2272; x_wconf 84' lang='lat' dir='ltr'>lepidas</span> <span class='ocrx_word' id='word_1_279' title='bbox 1076 2231 1141 2262; x_wconf 80' lang='lat' dir='ltr'><em>cod.</em></span> <span class='ocrx_word' id='word_1_280' title='bbox 1168 2231 1280 2268; x_wconf 73' lang='lat' dir='ltr'>&lt;etiam</span> <span class='ocrx_word' id='word_1_281' title='bbox 1302 2228 1389 2259; x_wconf 82' lang='lat' dir='ltr'><em>codd.</em></span> <span class='ocrx_word' id='word_1_282' title='bbox 1410 2227 1482 2258; x_wconf 68' lang='lat' dir='ltr'><em>Pri-</em></span> 
     </span>
    </p>
   </div>
   <div class='ocr_carea' id='block_1_5' title="bbox 147 2273 1482 2441">
    <p class='ocr_par' dir='ltr' id='par_1_12' title="bbox 147 2273 1482 2318">
     <span class='ocr_line' id='line_1_35' title="bbox 147 2273 1482 2318; baseline -0.003 -13"><span class='ocrx_word' id='word_1_283' title='bbox 147 2276 251 2306; x_wconf 81' lang='lat' dir='ltr'>sciani</span> <span class='ocrx_word' id='word_1_284' title='bbox 263 2287 289 2315; x_wconf 81' lang='lat'>1,</span> <span class='ocrx_word' id='word_1_285' title='bbox 306 2278 378 2313; x_wconf 82' lang='lat'>108;</span> <span class='ocrx_word' id='word_1_286' title='bbox 396 2278 629 2318; x_wconf 75' lang='lat' dir='ltr'>orthographia</span> <span class='ocrx_word' id='word_1_287' title='bbox 643 2277 780 2315; x_wconf 77' lang='lat' dir='ltr'>antiqua</span> <span class='ocrx_word' id='word_1_288' title='bbox 791 2277 815 2309; x_wconf 52' lang='lat'>2}</span> <span class='ocrx_word' id='word_1_289' title='bbox 881 2276 1116 2315; x_wconf 79' lang='lat' dir='ltr'>lolligunculas</span> <span class='ocrx_word' id='word_1_290' title='bbox 1130 2279 1268 2305; x_wconf 78' lang='lat' dir='ltr'>testatur</span> <span class='ocrx_word' id='word_1_291' title='bbox 1277 2273 1482 2303; x_wconf 81' lang='lat' dir='ltr'>Priscianus:</span> 
     </span>
    </p>

    <p class='ocr_par' dir='ltr' id='par_1_13' title="bbox 148 2317 1482 2359">
     <span class='ocr_line' id='line_1_36' title="bbox 148 2317 1482 2359; baseline -0.002 -11"><span class='ocrx_word' id='word_1_292' title='bbox 148 2319 363 2359; x_wconf 81' lang='lat' dir='ltr'>lolligiungas</span> <span class='ocrx_word' id='word_1_293' title='bbox 379 2321 445 2352; x_wconf 80' lang='lat' dir='ltr'><em>cod.</em></span> <span class='ocrx_word' id='word_1_294' title='bbox 537 2322 602 2359; x_wconf 88' lang='lat'>496</span> <span class='ocrx_word' id='word_1_295' title='bbox 619 2321 675 2359; x_wconf 88' lang='lat' dir='ltr'>qui</span> <span class='ocrx_word' id='word_1_296' title='bbox 695 2320 761 2350; x_wconf 88' lang='lat' dir='ltr'>bat.</span> <span class='ocrx_word' id='word_1_297' title='bbox 777 2320 912 2350; x_wconf 76' lang='lat' dir='ltr'>Gm&#39;etus</span> <span class='ocrx_word' id='word_1_298' title='bbox 957 2330 995 2350; x_wconf 81' lang='lat' dir='ltr'>os</span> <span class='ocrx_word' id='word_1_299' title='bbox 1007 2319 1065 2349; x_wconf 88' lang='lat' dir='ltr'>tibi</span> <span class='ocrx_word' id='word_1_300' title='bbox 1079 2319 1222 2350; x_wconf 79' lang='lat' dir='ltr'>Mueller.</span> <span class='ocrx_word' id='word_1_301' title='bbox 1244 2317 1393 2357; x_wconf 76' lang='lat' dir='ltr'>rhythmo</span> <span class='ocrx_word' id='word_1_302' title='bbox 1410 2327 1482 2346; x_wconf 86' lang='lat' dir='ltr'>con-</span> 
     </span>
    </p>

    <p class='ocr_par' dir='ltr' id='par_1_14' title="bbox 148 2361 1438 2441">
     <span class='ocr_line' id='line_1_37' title="bbox 148 2361 1438 2404; baseline -0.004 -8"><span class='ocrx_word' id='word_1_303' title='bbox 148 2364 258 2394; x_wconf 77' lang='lat' dir='ltr'>sulens</span> <span class='ocrx_word' id='word_1_304' title='bbox 345 2375 410 2404; x_wconf 85' lang='lat'>500</span> <span class='ocrx_word' id='word_1_305' title='bbox 433 2365 485 2395; x_wconf 88' lang='lat' dir='ltr'>abi</span> <span class='ocrx_word' id='word_1_306' title='bbox 506 2364 739 2395; x_wconf 73' lang='lat' dir='ltr'>Camerarius:</span> <span class='ocrx_word' id='word_1_307' title='bbox 763 2363 836 2393; x_wconf 84' lang='lat' dir='ltr'>abis</span> <span class='ocrx_word' id='word_1_308' title='bbox 853 2363 920 2393; x_wconf 83' lang='lat' dir='ltr'><em>cod.</em></span> <span class='ocrx_word' id='word_1_309' title='bbox 1011 2372 1074 2401; x_wconf 85' lang='lat'>502</span> <span class='ocrx_word' id='word_1_310' title='bbox 1089 2362 1170 2401; x_wconf 72' lang='lat' dir='ltr'><em>sort.</em></span> <span class='ocrx_word' id='word_1_311' title='bbox 1194 2361 1293 2392; x_wconf 87' lang='lat' dir='ltr'>Nunc</span> <span class='ocrx_word' id='word_1_312' title='bbox 1312 2361 1381 2402; x_wconf 81' lang='lat' dir='ltr'>(vii.</span> <span class='ocrx_word' id='word_1_313' title='bbox 1403 2361 1438 2399; x_wconf 61' lang='lat'>2)</span> 
     </span>
     <span class='ocr_line' id='line_1_38' title="bbox 193 2411 1396 2441; baseline 0.002 -2"><span class='ocrx_word' id='word_1_314' title='bbox 193 2418 313 2439; x_wconf 76' lang='lat' dir='ltr'>PLAVT.</span> <span class='ocrx_word' id='word_1_315' title='bbox 334 2418 345 2438; x_wconf 92' lang='lat'>1</span> <span class='ocrx_word' id='word_1_316' title='bbox 1357 2411 1396 2441; x_wconf 89' lang='lat'>17</span> 
     </span>
    </p>
   </div>
  </div>
 </body>
</html>
