1727 2702
96 105 224 143 111.ii
605 101 651 138 T.
686 99 867 139 MACCI
899 100 1104 138 PLAVTI

154 230 171 261 5
194 227 348 260 neruos,
371 220 543 259 catenas,
563 224 749 257 θεῖα-τρε,
772 211 975 257 numellas,
999 209 1170 259 pedicas,
1192 210 1318 259 boias,
1543 197 1612 282 {⁴33

193 279 498 328 inductoresque
518 289 742 315 acerrumos
762 288 983 325 gnarosque
1004 275 1124 314 nostri
1147 275 1253 326 tergi,

192 343 258 394 qui
280 356 397 393 saepe
417 349 509 380 ante
529 341 569 379 in
591 347 742 379 nostras
763 341 914 389 scaplas
931 339 1130 378 cicatrices
1152 339 1445 388 indiderunt,—

191 422 261 448 eae
283 422 388 446 nunc
410 406 595 457 legiones,
618 404 757 456 copiae
777 404 1049 454 exercitusque
1070 418 1206 443 eorum

192 473 230 512 ui
252 473 479 523 pugnando,
503 470 674 522 peiiuriis
696 469 838 508 nostris
859 470 972 520 fugae
993 468 1118 519 potiti.
1544 488 1608 528 355

137 555 173 577 10
192 538 232 577 id
254 537 396 576 uirtute
418 535 547 574 liuiius
568 533 731 585 collegai
753 547 920 584 meaque
941 533 1127 573 comitate

192 604 386 642 factumst.
446 601 512 651 qui
535 607 635 639 mest
651 599 710 638 uir
729 599 864 638 fortior
883 600 933 638 ad
954 600 1198 638 sufferundas
1219 600 1383 650 plagas?

194 670 264 707 LE.
296 668 438 718 edepol
461 666 624 704 uirtutes
644 665 711 716 qui
733 672 818 703 tuas
840 678 920 703 non
942 664 1067 714 possis
1089 666 1328 703 conlaudare

193 733 292 772 sicut
313 745 386 783 ego
407 731 567 782 possim,
591 743 692 781 quae
712 729 822 769 domi
843 729 1043 779 duellique
1065 731 1166 768 male
1187 729 1323 768 fecisti.

194 813 242 838 ne
264 799 328 836 illa
348 798 490 847 edepol
512 809 583 847 pro
604 795 743 834 merito
763 803 832 834 tuo
854 794 1060 833 memorari
1083 796 1205 833 multa
1228 803 1416 846 possunt:
1545 801 1612 847 560

136 881 173 913 15
194 864 260 903 ubi
283 865 471 902 fidentem
492 861 744 909 fraudaueris,
767 860 835 899 ubi
857 874 924 899 ero
944 860 1113 899 infidelis
1134 860 1262 908 fueris,

194 930 261 968 ubi
283 928 413 968 uerbis
433 926 637 977 conceptis
658 926 786 965 sciens
807 926 988 964 lubenter
1008 925 1214 976 peiieraris,

195 994 260 1033 ubi
283 993 448 1045 parietes
470 991 696 1042 perfoderis,
722 991 760 1029 in
781 991 884 1029 furto
905 990 972 1029 ubi
994 990 1045 1028 sis
1067 991 1294 1041 prehensus,

195 1059 261 1098 ubi
283 1072 400 1109 saepe
420 1070 598 1096 caussam
620 1055 762 1095 dixeris
783 1056 962 1106 pendens
981 1056 1174 1094 aduorsus
1194 1063 1286 1094 octo

194 1133 353 1172 artutos,
376 1123 537 1164 audacis
558 1123 675 1171 uiros,
696 1121 862 1161 ualentis
880 1121 1101 1172 uirgatores.
1546 1123 1611 1168 565

137 1209 177 1232 20
198 1193 255 1230 L1.
289 1192 411 1229 fateor
431 1190 608 1240 profecto
630 1196 671 1227 ut
693 1187 906 1238 praedicas,
931 1187 1120 1235 Leonida,
1143 1200 1228 1226 esse
1249 1201 1366 1235 uera,

196 1269 332 1295 uerum
372 1256 515 1304 edepol
554 1267 604 1292 ne
656 1253 773 1291 etiam
827 1260 894 1291 tua
946 1265 1107 1303 quoque
1152 1253 1358 1291 malefacta
1400 1250 1526 1290 iterari

1406 1319 1527 1356 multa

195 1394 234 1426 et
255 1399 349 1425 uero
370 1392 558 1436 possunt:
588 1383 656 1423 ubi
677 1383 804 1422 sciens
826 1383 930 1422 fideli
953 1382 1097 1422 infidus
1119 1383 1246 1429 fueris,

197 1453 263 1491 ubi
285 1465 449 1503 prensus
471 1451 510 1488 in
531 1452 633 1488 furto
654 1449 729 1488 sies
751 1451 973 1488 manufesto
994 1457 1031 1488 et
1053 1450 1291 1496 uerberatus,

196 1517 263 1556 ubi
285 1516 493 1568 peiieraris,
516 1515 583 1553 ubi
605 1528 716 1553 sacro
737 1527 876 1552 manus
898 1514 949 1552 sis
969 1514 1194 1562 admolitus,
1547 1512 1616 1549 570

138 1596 175 1628 ²5
196 1582 263 1620 ubi
284 1582 358 1621 eris
378 1583 536 1628 damno,
561 1579 763 1618 molestiae
783 1586 821 1618 et
842 1579 1027 1618 dedecori
1045 1592 1162 1629 saepe
1183 1578 1310 1625 fueris,

197 1647 263 1686 ubi
285 1646 476 1686 creditum
499 1646 607 1695 quod
628 1645 675 1682 sit
697 1644 766 1682 tibi
788 1645 924 1683 datum
946 1657 1031 1683 esse
1052 1644 1284 1695 pernegariS,

198 1712 264 1750 ubi
285 1711 435 1750 amicae
455 1710 573 1761 quam
595 1709 724 1748 amico
745 1717 814 1748 tuo
835 1709 951 1748 fueris
974 1709 1095 1759 magis
1121 1709 1257 1756 fidelis,

197 1777 262 1815 ubi
285 1790 402 1826 saepe
421 1777 471 1814 ad
493 1777 719 1825 languorem
743 1782 808 1813 tua
829 1775 970 1814 duritia
991 1774 1146 1813 dederis
1168 1782 1259 1813 octo

196 1841 348 1880 ualidos
370 1841 534 1887 lictores,
558 1840 697 1878 ulmeis
718 1841 895 1879 adfectos
917 1839 1031 1878 lentis
1052 1839 1180 1889 uirgis.
1548 1837 1613 1875 575

136 1924 177 1954 30
197 1921 289 1945 num
313 1908 414 1944 male
434 1908 552 1944 relata
573 1913 630 1944 est
651 1905 782 1955 gratia,
806 1914 847 1943 ut
868 1906 1059 1955 collegam
1081 1904 1333 1943 collaudaui?

197 1973 267 2010 Lm.
300 1979 340 2009 ut
364 1984 505 2021 meque
526 1979 642 2020 teque
665 1984 847 2008 maxume
867 1978 986 2020 atque
1007 1969 1166 2020 ingenio
1187 1977 1321 2008 nostro
1342 1968 1484 2008 decuit.

240 2086 314 2114 549,
327 2086 390 2115 550
408 2085 576 2106 carcerem
594 2074 682 2106 codd.
703 2074 805 2104 Nonii
823 2084 880 2112 144
973 2084 1033 2113 55¹
1056 2075 1314 2113 indoctoresque
1331 2073 1395 2104 cod.
1442 2073 1522 2112 sort.

197 2119 308 2150 indict.
354 2145 361 2151 .
383 2121 466 2150 ..cic
491 2119 687 2150 indixerunt
794 2127 856 2156 552
882 2118 946 2148 secl.
968 2118 1070 2149 Bothe
1155 2118 1286 2158 scaplas
1304 2119 1328 2156 (-
1335 2117 1430 2156 pulas
1445 2117 1527 2153 cod)

194 2162 248 2193 viv
266 2163 282 2192 I
286 2143 466 2194 >tantinum
570 2166 646 2204 pos!
660 2171 724 2202 552
743 2160 898 2201 (quidam
915 2161 1015 2191 etiam
1029 2165 1104 2202 pos!
1117 2162 1198 2203 547)
1216 2162 1374 2193 lacunam
1390 2163 1525 2203 signant

195 2205 263 2236 cdd.
333 2216 394 2245 554
413 2220 431 2236 ι
435 2216 528 2237 orum
545 2205 782 2237 Camerarms:
809 2204 859 2235 sor
863 2215 915 2235 um
928 2205 993 2236 cod
1009 2206 1052 2255 (F
1066 2212 1126 2247 pro
1139 2206 1181 2241 E)
1251 2214 1314 2244 555
1332 2204 1431 2243 fugae
1442 2204 1526 2235 Bue-

195 2250 446 2287 cl1elm1cug=c
463 2249 528 2280 md.
551 2249 594 2289 (E
610 2254 668 2289 pto
688 2249 727 2289 F)
848 2258 910 2288 557
937 2259 989 2279 me
1007 2250 1060 2280 uir
1077 2250 1097 2281 s
1114 2254 1166 2280 est
1183 2248 1248 2280 cod.
1339 2250 1402 2286 558
1425 2248 1522 2287 quiu.

199 2292 304 2325 Gaas.
328 2295 435 2323 λοιπε·
498 2303 564 2323 non
585 2292 680 2323 Grrt:
696 2303 702 2322 ε
729 2302 817 2322 nunc
831 2292 895 2322 cod.
917 2292 969 2332 (cs
988 2292 1127 2332 ‹1125603
1219 2294 1284 2331 560
1301 2297 1359 2322 tuo
1373 2291 1527 2322 Gm'etus·
1521 2316 1527 2322 .

198 2348 286 2367 nune
305 2343 360 2366 tu«,
376 2337 442 2367 cad.
552 2338 614 2375 563
641 2336 778 2375 parietis
796 2335 860 2366 cod.
953 2337 1016 2374 565
1041 2342 1171 2367 astutos
1200 2336 1278 2366 P¹³D
1298 2341 1343 2365 (st
1366 2339 1426 2374 pro
1455 2337 1498 2373 rt)
1519 2345 1527 2365 τ

197 2382 316 2411 artitos
340 2381 368 2410 T
495 2382 557 2418 567
585 2390 626 2409 ne
653 2379 885 2409 Caum-arius:
920 2380 951 2408 ni
971 2379 1059 2410 cod.:
1084 2380 1139 2410 vix
1156 2379 1198 2409 mi
1335 2380 1398 2416 569
1427 2388 1467 2409 m.
1492 2383 1526 2408 et

198 2424 359 2465 Scaliger:
378 2428 411 2453 et
430 2434 469 2453 m.
489 2423 552 2453 cod.
687 2431 745 2462 571
767 2423 887 2453 damno
904 2420 983 2464 (et)
1000 2423 1110 2462 Bothe,
1131 2433 1211 2453 nam
1229 2423 1352 2454 damno
1369 2422 1509 2463 displicet
