1727 2702
179 101 229 139 11.
253 100 327 140 viii
668 103 713 142 Τ.
749 103 928 144 MACCI
961 103 1162 143 PLAVTI

250 211 344 261 quin
367 225 439 260 ego
461 210 534 249 illis
556 211 674 250 hodie
695 225 920 262 comparem
944 226 1127 263 magnum
1149 214 1297 252 malum
1599 227 1663 264 505

191 292 230 328 70
250 278 425 329 quinque
447 279 547 317 lianc
568 292 728 318 ornnem
750 293 830 318 rem
854 293 964 318 meae
984 293 1071 318 erae
1092 279 1168 318 iam
1191 279 1329 319 faciam
1350 281 1492 331 palam.

250 345 470 382 manufesto
492 352 608 383 teneo
629 343 668 382 in
690 344 806 382 noxia
827 343 1006 383 inimicos
1028 358 1146 383 meos.

246 410 316 447 sed
338 408 367 446 si
390 422 495 447 nunc
516 410 642 448 facere
662 410 746 448 uolt
766 422 831 448 era
851 408 1022 447 officium
1044 422 1168 455 suom,

248 481 379 512 nostra
400 473 529 512 omnis
550 473 595 512 lis
616 481 684 512 est.
744 475 906 524 pulchre
927 482 1150 524 praeuortar
1170 473 1284 514 uiros.

249 546 383 577 nostro
403 538 536 577 omine
557 538 585 577 it
605 538 714 588 dies;
744 538 820 577 iam
842 538 936 577 uicti
957 538 1136 578 uicimus.
1599 550 1667 587 510

189 613 227 647 75
250 603 316 642 ibo
337 603 448 651 intro,
473 611 514 642 ut
535 603 574 642 id
596 605 705 654 quod
724 604 824 643 alius
845 603 1023 643 condiuit
1043 617 1203 654 coquos,

247 681 320 717 ego
342 682 446 707 nunc
468 668 640 708 uicissim
662 676 704 707 ut
724 668 801 707 alio
822 676 939 719 pacto
959 669 1157 709 condiam.

247 746 326 782 quo
348 732 387 771 id
409 732 502 783 quoi
524 741 703 784 paratum
725 741 783 772 est
804 741 846 772 ut
867 741 1044 783 paratum
1067 747 1115 771 ne
1135 733 1210 772 siet

246 797 398 848 sietque
419 798 454 837 e(
475 806 653 848 paratum
675 800 783 850 quod
800 806 979 850 paratum
1001 811 1081 837 non
1102 806 1250 838 erat.-

727 989 773 1036 Α
783 989 923 1037 CTV
930 989 965 1037 S
1017 989 1095 1036 III

115 1092 223 1130 III.i
535 1095 858 1133 LYSIDAMVS
973 1097 1296 1134 ALCEsimvs

246 1188 313 1224 Lxx
349 1188 466 1225 Nunc
486 1185 614 1233 amici,
638 1187 740 1225 zinne
762 1186 909 1225 inimici
932 1186 982 1226 sis
1005 1187 1144 1238 imago,
1169 1187 1376 1233 Aloesime,
1597 1199 1661 1237 515

245 1250 338 1289 mihi
356 1250 491 1297 sciam,
509 1265 613 1289 nunc
630 1250 832 1301 specimen
853 1251 1034 1302 specitur‚
1053 1265 1158 1290 nunc
1178 1260 1375 1290 certamen
1392 1251 1573 1290 cernitur.

244 1330 316 1366 qur
337 1330 464 1355 amem
490 1330 551 1355 me
572 1315 774 1367 castigare,
795 1316 835 1355 id
856 1316 995 1366 ponito
1015 1318 1066 1356 ad
1087 1316 1382 1367 compendium,

247 1385 368 1420 ‘cano
390 1381 538 1432 capite’
563 1385 710 1420 ‘aetate
730 1381 879 1420 aliena'
901 1394 948 1420 eo
968 1381 1106 1420 addito
1126 1383 1176 1421 ad
1197 1381 1492 1432 compendium,

203 1463 219 1494 5
245 1449 253 1465 ‘
267 1445 359 1496 quoi
382 1445 430 1484 sit
452 1459 546 1484 uxor
561 1447 579 1492 ’,
603 1445 642 1484 id
663 1459 823 1496 quoque
845 1445 936 1484 illuc
957 1445 1095 1496 ponito
1115 1447 1165 1485 ad
1186 1446 1479 1497 compendium.

243 1512 314 1548 AL.
349 1510 588 1550 miseriorem
610 1524 683 1561 ego
704 1524 751 1549 ex
771 1524 904 1550 amore
925 1524 1043 1561 quam
1066 1518 1103 1550 te
1124 1510 1205 1550 uidi
1227 1511 1439 1550 neminem.
1595 1523 1662 1559 520

245 1576 312 1613 Lv.
343 1576 403 1614 fac
421 1584 561 1614 uacent
578 1577 706 1615 aedes.
750 1577 821 1613 AL.
845 1575 941 1626 quin
958 1577 1099 1627 edepol
1117 1576 1436 1623 seruos‚ancillas
1452 1577 1574 1616 domo

242 1649 390 1680 certum
426 1649 484 1680 est
523 1641 651 1681 omnis
691 1641 844 1680 mittere
877 1642 928 1680 ad
968 1649 1016 1680 te.
1078 1643 1145 1680 Lv.
1178 1643 1244 1689 oh,
1279 1641 1442 1680 nimium
1479 1641 1574 1680 scite

1380 1706 1499 1744 scitus
1519 1720 1571 1745 es.

244 1773 311 1810 sed
334 1770 548 1810 facitodum
574 1772 720 1810 merula
742 1784 810 1821 per
832 1784 969 1809 uorsus
991 1771 1100 1821 quod
1121 1778 1250 1809 cantat
1271 1769 1349 1822 (tu)
1368 1772 1496 1809 colas:

189 1852 223 1874 ιο
246 1841 356 1875 ‘cum
375 1836 465 1875 cibo
481 1850 571 1875 cum
594 1836 746 1887 quiqui'
767 1836 884 1875 facito
901 1844 942 1874 ut
961 1835 1130 1883 ueniant,
1150 1835 1259 1886 quasi
1277 1844 1366 1874 eant
1387 1836 1569 1874 Sutrium.

243 1903 314 1940 AL.
349 1901 574 1940 meminero.
636 1903 704 1939 Lv.
738 1914 811 1948 em,
836 1914 941 1939 nunc
969 1900 1074 1940 enim
1103 1908 1142 1939 tu
1163 1902 1324 1940 demum
1347 1902 1454 1939 nullo
1474 1901 1572 1940 scito
1592 1911 1656 1949 525

1379 1965 1497 2004 scitus
1517 1980 1569 2005 cs.

286 2082 348 2111 507
375 2082 461 2101 noxa
479 2070 537 2101 rod
635 2081 699 2111 509
724 2071 861 2111 pulchre
881 2071 982 2102 Pius:
1008 2071 1123 2111 pulcra
1142 2082 1176 2102 rc
1194 2071 1259 2103 cod.
1278 2071 1323 2108 (v.
1338 2071 1371 2110 35
1433 2081 1570 2110 pernor-

243 2120 308 2146 tam
328 2116 461 2155 Langen
576 2125 638 2154 5¹3
657 2116 734 2154 quoi
755 2115 912 2146 Mueller:
937 2116 1026 2155 quod
1045 2115 1110 2147 cod.
1130 2115 1162 2146 ⁴i.
1179 2125 1207 2153 7.
1225 2124 1255 2154 p.
1270 2116 1325 2144 2ιῖ
1440 2124 1502 2153 515
1527 2115 1576 2145 vcl

242 2159 361 2190 amicin
512 2168 574 2197 517
601 2168 713 2189 curam
740 2169 824 2197 eme,
845 2159 897 2189 cui
914 2159 1027 2199 glossa
1051 2164 1206 2199 superscr.
1231 2168 1341 2188 curam
1367 2157 1477 2188 exime
1499 2157 1566 2188 cod.

242 2212 305 2240 522
330 2202 373 2232 oh
400 2202 552 2242 Styfferlz
586 2202 651 2232 eho
678 2201 745 2233 cod.
905 2212 968 2241 523
994 2202 1120 2232 merula
1147 2211 1208 2241 pei·
1238 2211 1356 2231 uersus
1387 2202 1476 2240 qnod
1502 2201 1567 2232 cod.

244 2245 330 2275 Festi
354 2255 415 2283 3¹0
443 2254 483 2278 (s,
516 2245 709 2281 Sutriunfi:
745 2246 849 2275 merui
872 2255 1077 2283 apcrnorsus
1101 2255 1185 2284 quos
1212 2245 1299 2276 cod:
1335 2245 1466 2274 mac-nni
1495 2247 1571 2284 (pro

244 2289 351 2318 menni
368 2291 375 2318 ,ἲ
401 2298 419 2317 n
436 2294 497 2328 pro
514 2289 543 2327 Γ)
558 2298 640 2327 aper
654 2298 773 2318 uersus
786 2299 871 2327 quo's
893 2288 923 2319 T
1010 2294 1043 2319 tu
1062 2288 1176 2318 addidi
1205 2288 1241 2326 ‘f
1258 2288 1361 2318 (lass.
1380 2288 1448 2317 li'rr·
1480 2288 1568 2326 1892.

245 2343 272 2371 μ.
299 2336 371 2370 ¹24⁸
499 2341 560 2369 524
586 2341 661 2361 cum
685 2341 746 2361 suo
771 2332 891 2370 cuique
915 2331 934 2363 s.
954 2342 1030 2362 ιιυιι.
1051 2331 1115 2362 md.
1135 2331 1221 2361 Faus-ti
1298 2331 1377 2369 sort.
1395 2342 1442 2362 cn.
1463 2329 1572 2367 cola83

244 2376 317 2405 cibo
336 2376 419 2406 Cum
438 2385 498 2404 suo
516 2384 589 2404 cum
608 2385 639 2413 q.
660 2373 712 2413 kdss
725 2374 876 2414 prosodia
893 2375 928 2414 ‘f
944 2374 1029 2405 Men.
1045 2385 1119 2414 941,
1139 2374 1239 2405 Ναιύ.
1259 2378 1340 2414 lmg.
1355 2385 1397 2412 40
1411 2375 1470 2414 R.)
