1727 2712
73 383 138 420 995

56 1034 145 1063 1000

57 1492 144 1530 1005

60 1951 149 1977 1010

644 129 1000 169 MENAECHMI
1435 131 1484 169 V.
1505 129 1567 168 vii

159 239 233 279 nisi
254 240 415 291 quidem
437 255 509 280 uos
530 248 662 279 uostra
681 253 792 278 crura
810 246 878 276 aut
897 239 1017 277 latera
1037 239 1148 278 nihili
1169 240 1352 290 penditis.

159 319 258 344 caue
277 306 487 356 quisquam
509 307 618 356 quod
639 305 716 343 illic
738 303 938 342 minitetur
962 311 1139 342 uostrurn
1162 305 1275 343 flocci
1297 305 1440 344 fecerit.

215 370 312 421 quid
332 371 474 409 statis?
504 370 601 421 quid
622 368 843 408 dubitatis?
872 367 949 406 iam
972 369 1182 409 sublimem
1204 379 1357 421 raptum
1379 383 1491 421 opor-

1404 433 1488 471 tuit.

214 515 287 551 ego
320 500 388 540 ibo
421 502 471 540 ad
506 500 705 539 medicum
727 514 734 538 :
778 506 933 549 praesto
967 511 1034 536 ero
1065 497 1130 545 illi,
1161 512 1283 548 quom
1311 497 1488 537 uenietis.

1196 565 1311 601 MEN.
1335 562 1464 602 occidi
1483 565 1491 601 Ξ

214 631 310 681 quid
332 632 408 670 hoc
428 633 486 669 est
507 630 671 680 negoti?
701 629 798 680 quid
818 628 940 667 illisce
960 627 1142 666 homines
1162 629 1214 667 ad
1236 642 1299 666 me
1319 635 1489 675 currunt,

1298 694 1494 743 opsecro?

215 761 311 812 quid
341 761 458 799 uoltis
490 762 595 799 uos?
632 760 729 810 quid
758 759 1017 810 quaeritatis?
1054 757 1151 809 quid
1184 772 1247 796 me
1278 757 1494 796 circumsis-

1385 822 1495 861 uus?

215 906 296 943 quo
329 891 462 942 rapitis
492 893 587 930 me?
618 905 698 942 quo
728 890 833 930 fertis
863 892 959 928 me?
992 888 1100 940 perii,
1126 902 1292 940 opsecro
1321 895 1494 928 nostram

1361 954 1492 1000 fidem,

217 1022 559 1073 Epidamnienses‚
583 1020 802 1068 subuenite,
827 1020 959 1059 ciues!
988 1020 1086 1070 quin
1107 1034 1171 1058 me
1192 1019 1374 1058 mittitis?

219 1089 323 1126 MEs.
349 1101 421 1140 pro
441 1089 482 1126 di
502 1087 729 1126 inmortales
749 1089 755 1124 !
791 1099 968 1136 opsecro,
986 1085 1084 1135 quid
1104 1099 1178 1135 ego
1199 1085 1323 1124 oculis
1344 1084 1494 1135 aspicio

1368 1149 1495 1188 meis?

215 1232 325 1257 erum
345 1231 478 1256 meum
498 1217 784 1267 indignissume
806 1215 1010 1266 nescioqui
1031 1214 1239 1254 sublimem
1261 1216 1401 1254 ferunt.

218 1286 334 1323 ΜΕΝ.
365 1283 501 1333 ecquis
529 1282 730 1333 suppetias
760 1281 812 1319 mi
841 1282 962 1320 audet
982 1282 1113 1319 ferre?
1170 1282 1275 1318 MEs.
1309 1281 1392 1330 ego,
1416 1293 1492 1326 ere,

1207 1344 1492 1384 audacissume.

216 1430 243 1454 0
262 1414 413 1453 facinus
433 1413 638 1464 indignum
659 1421 698 1452 et
719 1414 877 1459 malum,
902 1410 1131 1462 Epidamnii
1152 1410 1270 1457 ciues,
1293 1424 1403 1449 erum

218 1494 351 1519 meum
372 1480 436 1518 hic
456 1480 496 1517 in
516 1487 657 1529 pacato
677 1478 827 1529 oppido
847 1477 925 1516 luci
945 1476 1114 1528 deripier
1134 1475 1174 1514 in
1194 1476 1269 1524 uia,

325 1544 394 1595 qui
414 1544 511 1583 liber
530 1545 581 1582 ad
602 1558 674 1582 uos
695 1543 845 1582 uenerit
863 1546 870 1581 1

163 1609 305 1649 mittite
325 1609 464 1648 istunc.
526 1611 643 1647 ΜΕΝ.
675 1622 840 1658 opsecro
870 1615 918 1655 te,
942 1607 1121 1658 quisquis
1141 1620 1193 1653 es,
1217 1620 1377 1657 operam
1399 1605 1496 1644 mihi

1363 1680 1406 1711 ut
1426 1673 1497 1712 des

163 1756 240 1780 neu
262 1742 366 1781 sinas
386 1741 426 1779 in
448 1755 511 1780 me
531 1740 714 1791 insignite
736 1740 818 1779 fieri
839 1747 989 1778 tantam
1011 1738 1203 1777 iniuriam.

166 1809 271 1846 MEs.
303 1807 427 1845 immo
457 1815 496 1846 et
534 1820 695 1857 operam
730 1807 836 1845 dabo
870 1813 909 1844 et
943 1805 1156 1844 defendam
1197 1811 1235 1842 et
1273 1802 1498 1842 subuenibo

1344 1869 1493 1907 sedulo.

165 1952 384 1989 numquam
404 1946 442 1977 te
463 1938 586 1989 patiar
605 1938 741 1989 perire,
766 1952 828 1976 me
849 1936 1011 1988 perirest
1030 1934 1205 1985 aequius.

166 2005 271 2056 eripe
291 2007 451 2044 oculum
473 2005 572 2054 istie,
590 2006 641 2044 ab
663 2019 800 2044 umero
821 2004 889 2055 qui
910 2011 1031 2051 tenet,
1052 2016 1127 2049 ere,
1151 2010 1189 2040 te
1210 2015 1386 2051 opsecro.

166 2071 274 2110 hisce
294 2085 366 2122 ego
387 2071 464 2110 iam
485 2078 704 2110 sementem
724 2070 765 2108 in
786 2083 853 2109 ore
873 2068 1014 2108 faciam
1036 2080 1269 2118 pugnosque
1289 2079 1482 2116 opseram.

209 2187 273 2217 993
296 2177 379 2208 nihil
395 2178 428 2208 B
530 2187 594 2218 995
618 2178 702 2209 satis
718 2175 784 2208 cod.
804 2176 896 2210 (corr.
915 2174 976 2212 B'2)
1067 2176 1225 2212 oportum
1252 2171 1324 2200 PCD
1433 2181 1495 2210 997

167 2222 256 2260 quod
273 2221 293 2252 i.
312 2221 401 2252 Bach
493 2222 559 2252 illic
581 2221 647 2252 cod.
677 2221 726 2260 (tf.
752 2220 817 2259 958
842 2219 896 2248 hic
914 2221 975 2256 pro
993 2216 1099 2246 hisce&
1235 2216 1300 2255 998
1325 2214 1388 2246 uol.
1413 2225 1497 2253 quos

167 2264 233 2295 cod.
264 2265 358 2304 (corr.
388 2266 421 2295 in
448 2264 497 2303 D)
589 2265 716 2296 circum
746 2264 836 2294 stitis
866 2260 932 2292 cod.
1079 2268 1162 2298 1003
1187 2259 1242 2290 vix
1271 2258 1351 2288 mihi
1384 2258 1498 2288 auidet

170 2309 318 2348 1005-65
336 2309 372 2340 z'n
385 2309 418 2338 A
435 2308 592 2347 nt'lzilsere
607 2309 723 2349 legitur
836 2315 918 2343 1007
938 2313 975 2334 es
989 2314 1054 2334 om.
1066 2303 1098 2332 Β
1186 2307 1222 2332 ut
1237 2302 1296 2332 des
1308 2302 1355 2331 Β2
1371 2313 1378 2332 :
1402 2302 1497 2332 uides

165 2351 232 2383 cod.
250 2352 307 2387 (vi.
323 2363 348 2390 1,
370 2362 401 2392 p.
419 2352 476 2391 86)
592 2362 675 2392 1009
698 2352 752 2382 im.
772 2360 826 2389 op.
848 2349 929 2387 (om.
945 2348 993 2386 et)
1008 2346 1142 2377 Gm'cms
1257 2355 1338 2376 1010
1354 2345 1500 2385 perirest

166 2396 307 2435 aequius
326 2396 558 2427 Camerarius:
582 2396 712 2427 derires
729 2399 762 2424 te
780 2393 874 2424 euius
894 2392 927 2432 gi.
946 2394 982 2429 5)

211 2470 330 2493 ΡιΑντ.
350 2471 361 2491 1
1372 2455 1414 2487 28

1510 318 1528 350 5

1516 902 1556 925 10

1519 1817 1559 1840 20
