1727 2702
133 125 201 164 IV.
223 127 269 164 iv
641 127 686 163 T.
722 120 901 165 MACC1
935 119 1137 163 PLA‘VTI

224 239 302 278 CH.
335 237 430 288 quid
470 237 529 275 uis
568 238 731 275 curem?
789 238 875 275 MN.
908 244 950 274 ut
988 237 1039 275 ad
1073 249 1208 276 senem
1236 237 1360 276 etiam
1394 239 1554 277 alteram

1298 302 1416 342 facias
1436 303 1552 342 uiam.

224 382 419 419 compara,
443 367 642 414 fabricare,
662 367 764 417 finge
785 368 894 417 quod
915 367 1035 415 lubet,
1057 367 1295 418 conglutina,

226 442 268 472 ut
288 447 422 473 senem
444 432 564 471 hodie
584 433 747 471 doctum
769 433 886 471 docte
907 433 1015 470 fallas
1035 446 1254 484 aurumque
1273 435 1434 472 auferas.

167 512 206 544 55
228 501 305 538 (ju.
338 498 402 537 uix
422 497 579 536 uidetur
599 496 680 536 fieri
701 509 828 546 posse.
890 498 976 535 MN.
1010 511 1138 548 perge,
1159 511 1206 536 ac
1225 498 1338 537 facile
1358 497 1553 537 ecseceris.
1573 497 1641 543 695

226 565 303 604 CH.
336 577 466 614 quam,
504 563 663 609 malum,
699 561 822 609 facile,
859 576 978 613 quern
1014 562 1195 601 mendaci
1230 563 1384 614 prendit
1424 576 1557 601 manu-

1286 629 1385 667 festo
1406 629 1528 667 modo
1541 631 1558 666 ?

223 709 340 745 quem
361 694 392 733 si
413 707 521 733 orem
543 701 585 732 ut
607 692 702 731 mihi
724 693 777 732 nil
799 694 942 740 credat,
966 693 1005 732 id
1029 707 1108 732 non
1129 693 1230 732 ausit
1250 694 1419 732 credere.

224 763 310 799 MN.
343 760 466 799 immo
486 759 518 799 si
537 759 675 798 audias
696 773 798 809 quae
819 759 924 798 dicta
944 758 1041 797 dixit
1063 772 1126 797 me
1146 760 1361 798 aduorsum
1382 759 1463 798 tibi.

223 827 301 866 CH.
333 825 428 875 quid
458 824 585 864 dixit?
643 825 730 862 MN.
763 823 794 862 si
829 831 870 862 tu
906 823 1014 862 illum
1050 825 1174 862 solem
1205 823 1278 862 sibi
1312 825 1436 863 solem
1470 838 1556 863 esse

1391 889 1554 937 diceres,

161 964 204 996 60
223 970 264 995 se
286 956 394 994 illum
416 957 550 993 lunam
571 955 730 993 credere
751 967 836 992 esse
857 960 895 992 et
917 961 1074 992 noctem
1097 953 1164 1004 qui
1186 967 1291 992 nunc
1313 961 1371 993 est
1390 954 1484 993 dies.
1575 963 1644 998 700

223 1023 301 1062 CH.
334 1033 545 1071 emungam
576 1020 706 1058 hercle
737 1018 940 1058 hominem
971 1019 1094 1069 probe
1124 1019 1254 1066 hodie,
1278 1033 1328 1058 ne
1355 1018 1395 1058 id
1423 1019 1556 1069 nequi-

1264 1097 1382 1134 quam
1404 1083 1552 1123 dixerit.

222 1154 280 1190 P1.
313 1165 418 1190 nunc
448 1150 544 1201 quid
575 1163 647 1188 nos
678 1148 736 1187 uis
767 1150 923 1187 facere?
980 1150 1057 1189 CH.
1090 1148 1195 1188 enirn
1227 1148 1280 1186 nil
1313 1156 1381 1196 est,
1411 1148 1483 1187 nisi
1514 1156 1557 1187 ut

1232 1213 1372 1253 ametis
1393 1213 1553 1265 impero.

220 1290 393 1321 ceterum
415 1287 607 1331 quantum
630 1280 738 1319 lubet
762 1293 824 1318 me
846 1279 1040 1330 poscitote
1059 1292 1197 1318 aurum
1216 1295 1222 1318 :
1253 1292 1326 1330 ego
1346 1279 1463 1318 dabo.

220 1347 316 1397 quid
339 1346 391 1385 mi
412 1347 526 1385 refert
548 1345 739 1394 Chrysalo
760 1357 846 1383 esse
867 1357 1027 1391 nomen,
1050 1343 1124 1382 nisi
1146 1344 1257 1383 factis
1278 1345 1434 1395 probo?

160 1418 200 1460 65
220 1413 290 1451 sed
311 1425 417 1450 nunc
438 1410 673 1462 quantillum
694 1417 804 1448 usust
824 1409 906 1448 auri
928 1409 1009 1457 tibi,
1035 1410 1314 1449 Mnesiloche?
1342 1410 1406 1449 dic
1428 1409 1534 1448 mihi.
1574 1420 1639 1457 705

222 1479 309 1516 ΜΝ.
344 1477 453 1515 militi
477 1475 649 1514 nummis
670 1475 851 1515 ducentis
874 1475 949 1513 iam
972 1489 1064 1513 usus
1085 1483 1144 1514 est
1164 1489 1235 1526 pro
1258 1475 1466 1514 Bacchide.

221 1544 298 1583 CH.
331 1556 405 1593 ego
439 1542 555 1580 dabo.
618 1542 705 1578 MN.
738 1548 820 1578 tum
861 1540 976 1579 nobis
1012 1554 1112 1591 opus
1147 1548 1205 1579 est
1243 1548 1413 1590 sumptu.
1473 1541 1551 1580 CH.

1201 1605 1263 1652 ah,
1286 1604 1441 1654 placide
1461 1605 1554 1643 uolo

219 1671 522 1722 unumquidque
542 1684 727 1720 agamus:
759 1671 835 1708 hoc
857 1670 925 1709 ubi
947 1683 1074 1721 egero,
1097 1677 1180 1708 tum
1202 1669 1301 1708 istuc
1321 1682 1446 1719 agam.

219 1739 270 1778 de
289 1737 470 1777 ducentis
492 1736 663 1774 nummis
686 1735 855 1786 primum
878 1735 1082 1775 intendam
1105 1735 1299 1774 ballistam
1321 1734 1360 1772 in
1381 1747 1515 1772 senem
1533 1748 1542 1781 ;

162 1815 203 1850 70
219 1817 265 1842 ea
285 1802 439 1855 ballista
458 1802 489 1840 si
511 1808 733 1852 peruortam
757 1801 891 1839 turrim
913 1808 951 1840 et
971 1801 1277 1851 propugnacula,
1572 1810 1642 1845 710

219 1876 324 1908 recta
337 1875 449 1918 porta
462 1867 648 1906 inuadam
667 1867 866 1916 extemplo
882 1865 921 1903 in
936 1866 1129 1916 oppidum
1145 1864 1350 1915 antiquom
1367 1871 1405 1902 et
1419 1870 1551 1902 uetus:

219 1934 249 1971 si
272 1933 311 1973 id
333 1946 463 1983 capso,
487 1932 651 1982 geritote
672 1931 808 1970 amicis
830 1930 972 1969 uostris
991 1944 1130 1969 aurum
1151 1929 1347 1976 corbibus,

219 1998 318 2037 sicut
338 1997 493 2036 animus
514 2005 653 2048 sperat.
707 1998 763 2034 Pl.
795 1997 901 2045 apud
925 2003 998 2034 test
1014 1995 1169 2033 animus
1190 2002 1332 2041 noster,
1351 1994 1550 2043 Chrysale.

220 2064 297 2103 Cu.
331 2075 436 2101 nunc
454 2070 494 2100 tu
510 2061 575 2100 abi
596 2061 709 2107 intro,
730 2060 952 2106 Pistoclere,
967 2061 1018 2098 ad
1041 2059 1294 2106 Bacchidem,
1311 2066 1430 2109 atque
1451 2059 1554 2097 ecfer

1420 2123 1552 2161 cito—

163 2206 200 2238 75
222 2194 280 2231 Pr.
312 2192 438 2242 quid?
494 2192 572 2231 CH.
605 2189 748 2236 stilum,
771 2202 899 2227 ceram
928 2197 965 2227 et
993 2189 1166 2235 tabellas,
1190 2189 1323 2227 linum.
1386 2189 1442 2226 Pr.
1476 2187 1552 2226 iam
1573 2197 1638 2234 715

1182 2255 1269 2292 faxo
1290 2253 1352 2291 hic
1374 2260 1552 2302 erunt„—

263 2362 326 2400 695
349 2371 388 2392 ac
404 2360 460 2391 dcl.
480 2359 615 2400 Seyffert
718 2359 784 2396 696
807 2357 883 2396 Qua
905 2357 937 2386 l’
956 2358 1082 2397 (Quam
1110 2357 1170 2395 13²)
1264 2365 1409 2396 700-921
1437 2355 1556 2386 desunt

221 2406 254 2435 in
271 2406 301 2434 A
396 2413 456 2443 702
482 2409 534 2434 cst
551 2402 609 2433 del.
625 2401 834 2432 Camerarius
926 2411 987 2439 705
1011 2401 1207 2440 quantulum
1230 2399 1303 2430 pet)
1395 2399 1554 2438 713sicut

220 2448 389 2489 Scioppius
407 2458 413 2478 z
437 2446 520 2478 sicui
538 2445 603 2477 cod.
706 2454 767 2484 715
792 2445 905 2475 stilum
924 2449 958 2474 et
976 2445 1127 2484 tabellas,
1144 2454 1267 2484 ceram,
1286 2443 1390 2474 linum
1412 2443 1534 2483 Ussing
