1727 2712
607 93 966 133 MENAECHMI
1376 91 1447 128 IV.
1467 88 1510 126 iii

120 215 161 247 tu
182 209 262 247 huc
280 214 370 258 post
389 208 497 246 hunc
511 205 617 246 diem
637 205 781 255 pedem
802 203 905 242 intro
921 217 1003 242 non
1022 205 1132 250 feres,
1150 216 1199 241 ne
1215 203 1354 240 frustra
1373 200 1424 239 sis
1438 214 1450 248 ;

120 275 282 324 quando
302 280 343 311 tu
365 286 429 311 me
449 272 551 311 bene
571 278 786 310 merentem
808 269 879 307 tibi
899 269 1023 307 habes
1043 267 1274 318 despicatui,

120 337 194 376 nisi
215 339 314 376 feres
333 344 548 387 argentum,
571 338 710 374 frustra
730 349 794 373 me
814 335 976 373 ductare
997 348 1078 373 non
1099 341 1224 384 potes.
1471 349 1511 372 20

0 405 1 468 1
32 409 98 451 695
118 402 235 441 aliam
257 403 422 452 posthac
442 400 620 439 inuenito
640 400 759 450 quam
780 399 927 437 habeas
948 398 1157 437 frustratui.
1161 422 1214 426 —

0 469 1 515 i
122 469 236 505 ΜΕΝ.
260 466 376 505 nimis
389 466 576 505 iracunde
589 466 719 504 hercle
732 465 908 502 tandem
937 465 1035 502 heus
1049 471 1102 510 tu,
1118 463 1189 502 tibi
1202 463 1304 510 dico,
1321 474 1448 510 mane,

0 526 1 560 Ν
120 532 214 571 redi.
272 532 443 570 etiamne
463 532 595 570 astas?
622 530 740 569 etiam
760 531 884 568 audes
904 543 993 568 mea
1013 529 1157 568 reuorti
1176 528 1326 579 gratia?

119 598 215 636 abiit
236 597 349 643 intro,
372 596 536 635 occlusit
555 596 676 634 aedis.
735 608 841 633 nunc
862 608 935 644 ego
955 608 1043 632 sum
1064 593 1367 633 exclusissumus
1384 608 1391 631 :

121 677 250 713 neque
267 661 376 701 domi
390 676 519 712 neque
533 663 641 712 apud
653 661 822 699 amicam
836 660 933 698 mihi
946 659 1025 698 iam
1039 660 1251 710 quicquam
1268 659 1449 697 creditur.
1474 673 1488 694 2
1495 673 1512 704 5

35 742 103 777 700
122 729 189 767 ibo
227 735 266 767 et
303 729 509 766 consulam
542 728 645 766 hanc
679 740 761 765 rem
795 725 945 764 amicos
976 725 1074 775 quid
1105 724 1330 764 faciendum
1365 737 1453 762 cen-

1275 797 1453 828 seam.—

623 926 859 974 ACTVS
906 925 952 971 V

126 1120 240 1157 ΜΕΝ.
274 1117 393 1155 Nimi'
415 1117 530 1154 stulte
551 1115 704 1153 dudum
726 1112 800 1151 feci
821 1126 943 1163 quom
965 1112 1235 1162 marsuppium

127 1181 371 1221 Messenioni
392 1194 482 1219 cum
502 1186 664 1230 argento
685 1177 925 1216 concredidi.

125 1246 314 1286 immersit
333 1246 467 1296 aliquo
488 1258 584 1292 sese,
608 1245 738 1290 credo,
761 1244 802 1282 in
822 1257 1003 1294 ganeum.

127 1314 210 1351 MA.
242 1311 440 1362 prouisam
461 1323 581 1360 quam
602 1322 694 1347 mox
714 1308 773 1347 uir
792 1322 903 1347 meus
924 1310 1058 1347 redeat
1078 1310 1254 1348 domurn.

37 1393 102 1431 705
125 1379 195 1416 sed
215 1390 354 1416 eccum
374 1375 504 1414 uideo.
565 1376 673 1413 salua
694 1387 793 1421 sum,
817 1375 960 1424 pallam
982 1375 1106 1412 refert.
1475 1389 1493 1420 5

126 1444 240 1481 ΜΕΝ.
277 1441 448 1480 demiror
468 1440 535 1479 ubi
556 1453 663 1478 nunc
682 1439 859 1477 ambulet
882 1438 1094 1477 Messenio.

125 1510 210 1547 MA.
241 1506 362 1546 adibo
381 1514 499 1556 atque
520 1504 724 1543 hominem
749 1503 941 1554 accipiam
962 1504 1097 1554 quibu'
1118 1504 1234 1543 dictis
1255 1510 1387 1543 meret.

125 1588 206 1613 non
226 1581 264 1612 te
284 1573 407 1622 pudet
427 1570 583 1622 prodire
603 1569 643 1608 in
664 1577 922 1620 conspectum
945 1583 1089 1618 meum,

126 1638 315 1690 flagitium
335 1636 519 1683 hominis,
540 1649 631 1674 curn
653 1634 753 1674 istoc
773 1636 942 1673 ornatu?
999 1636 1115 1673 MEN.
1147 1634 1243 1684 quid
1263 1636 1351 1673 est?

38 1717 109 1754 710
126 1718 227 1755 quae
247 1711 286 1742 te
305 1716 365 1741 res
385 1701 515 1752 agitat,
538 1700 709 1739 mulier?
766 1702 850 1738 MA.
882 1700 1064 1747 etiamne,
1087 1700 1295 1750 inpudens,
1478 1711 1517 1733 10

126 1769 283 1808 muttire
304 1768 469 1807 uerbum
490 1780 614 1805 unum
634 1767 757 1804 audes
777 1773 845 1804 aut
870 1779 1026 1805 mecum
1047 1765 1188 1815 loqui?

128 1837 243 1873 ΜΕΝ.
275 1834 371 1885 quid
392 1834 554 1872 tandem
578 1831 720 1870 admisi
741 1831 780 1869 in
802 1845 865 1870 me
886 1839 928 1870 ut
948 1831 1057 1881 loqui
1078 1844 1158 1869 non
1178 1831 1379 1869 audeam?

129 1903 211 1939 MA.
244 1913 355 1950 rogas
376 1900 471 1937 me?
499 1897 672 1936 hominis
693 1897 952 1947 inpudentem
972 1897 1179 1936 audaciam
1200 1899 1205 1934 !

129 1969 243 2005 ΜΕΝ.
276 1979 357 2004 non
377 1973 419 2003 tu
440 1964 527 2011 scis,
550 1962 698 2009 mulier,
721 1964 932 2002 Hecubam
954 1970 1192 2013 quapropter
1212 1975 1350 2000 canem

41 2045 106 2082 715
129 2031 233 2071 Graii
256 2044 341 2069 esse
361 2028 674 2080 praedicabant?
732 2029 814 2065 MA.
847 2041 927 2066 non
948 2027 1134 2078 equidem
1156 2027 1247 2065 scio.
1478 2041 1516 2073 15

130 2099 244 2134 ΜΕΝ.
277 2095 369 2146 quia
388 2094 495 2133 idem
516 2092 685 2131 faciebat
707 2092 878 2130 Hecuba
898 2094 1006 2142 quod
1028 2100 1069 2130 tu
1091 2106 1197 2130 nunc
1218 2091 1334 2130 facis:

171 2202 236 2239 694
260 2200 382 2230 frustra
398 2197 479 2240 (es)
462 2196 648 2238 ><srustra
654 2197 681 2226 s
699 2195 826 2227 thschl
923 2197 989 2236 696
1012 2197 1125 2227 hercle
1142 2196 1304 2227 iracunde
1325 2194 1461 2235 Seyfflrt

128 2246 193 2284 698
218 2244 281 2274 abii
299 2242 364 2274 cod.
386 2243 478 2277 (corr.
498 2239 563 2281 32)
641 2243 738 2270 octus
762 2241 883 2271 itaedis
900 2241 965 2272 cod.
988 2240 1081 2280 (corr.
1097 2238 1159 2278 32)
1272 2249 1334 2279 707
1359 2238 1459 2269 dictis

128 2288 251 2327 quibus
266 2286 356 2317 codd.
371 2284 475 2315 Nomi
484 2285 548 2322 468
630 2288 724 2314 aeret
740 2283 804 2315 cod.
823 2285 916 2325 (corr.
931 2283 996 2324 B2)
1013 2284 1128 2324 (Apro
1142 2283 1200 2313 M-
1193 2283 1254 2321 ‚vi.
1272 2284 1302 2323 1)
1396 2291 1460 2321 710

130 2341 185 2362 res
202 2336 236 2361 te
253 2330 341 2361 coda
366 2329 438 2360 trai.
454 2327 548 2365 Brix,
563 2326 742 2358 secundum
757 2338 882 2359 morem
899 2326 1096 2359 Plautzmmz
1230 2336 1293 2365 713
1312 2327 1361 2356 vel
1382 2326 1458 2359 med

217 2373 281 2419 (ο)
297 2375 384 2404 hom.
407 2370 546 2413 Pylades

350 1024 749 1061 MENAECHMVS
790 1021 836 1058 II
951 1021 1236 1057 MATRONA
1474 1016 1560 1055 V.‚i
