1727 2712
643 115 904 155 EPIDICVS
1364 112 1439 150 III.
1464 112 1494 148 ii

30 232 99 277 360
116 225 200 276 ipse
221 225 260 263 in
283 238 371 263 meo
392 225 495 263 collo
517 226 595 263 tuo’
616 232 725 274 pater
745 223 962 262 cruminam
983 222 1192 262 collocauit
1210 237 1217 268 ,ς

116 291 147 329 is
166 292 341 337 adornat,
365 289 582 329 adueniens
603 289 712 328 domi
733 290 929 339 extemplo
950 296 991 326 ut
1013 288 1171 326 maritus
1191 289 1271 326 fias.
1466 305 1479 326 2
1487 306 1503 336 5

115 357 180 394 ST.
210 369 291 394 uno
307 355 559 405 persuadebit
580 355 713 401 modo,
731 353 763 392 si
783 353 888 391 illam
905 366 1005 403 quae
1021 353 1193 391 adducta
1208 360 1266 391 est
1286 365 1442 391 mecum

115 420 210 459 mihi
230 420 426 470 adempsit
447 420 586 459 Orcus.
637 420 706 457 ΕΡ.
739 432 845 457 nunc
861 430 934 468 ego
955 419 1057 457 hanc
1076 417 1259 456 astutiam
1280 417 1440 456 institui.

112 485 321 524 deueniam
336 486 386 523 ad
403 486 587 524 lenonem
603 485 767 523 domum
782 491 937 534 egomet
950 484 1069 530 solus,
1083 496 1173 521 eum
1187 485 1260 533 ego
1273 483 1441 530 docebo,

25 554 90 599 365
112 550 142 589 si
164 549 260 600 quid
279 551 331 588 ad
351 563 442 588 eum
463 549 685 596 adueniam‚
703 556 745 587 ut
765 548 840 587 sibi
859 561 944 588 esse
960 549 1097 587 datum
1112 556 1316 598 argentum
1337 548 1441 587 dicat

111 628 182 665 pro
202 614 373 661 fidicina,
395 614 544 664 argenti
565 614 691 653 minas
711 627 752 653 se
773 613 918 653 habere
938 612 1223 664 quinquaginta
1463 627 1504 659 30

113 679 275 730 (quippe
295 693 368 730 ego
389 679 457 730 qui
477 679 758 718 nudiustertius
779 679 876 718 meis
898 678 1080 718 manibus
1100 678 1357 718 denumeraui

111 759 181 796 pro
201 744 267 784 illa
286 753 353 784 tua
371 745 499 784 amica
519 759 637 795 quam
658 752 768 796 pater
787 758 897 783 suam
919 744 1039 783 filiam
1061 758 1146 783 esse
1166 744 1286 795 retur)
1303 760 1310 783 ι

111 809 165 849 ibi
186 811 276 849 leno
298 812 529 849 sceleratum
551 818 668 861 caput
689 823 802 849 suom
823 809 1038 861 inprudens
1059 809 1261 860 adligabit,

23 886 93 921 370
112 875 223 925 quasi
264 889 335 925 pro
377 875 442 914 illa
479 883 683 927 argentum
721 874 916 926 acceperit
954 888 1055 925 quae
1097 882 1228 914 tecum
1269 875 1443 913 adducta

1244 953 1350 979 nunc
1371 948 1439 978 est.

112 1007 189 1046 CH.
222 1006 416 1046 uorsutior
437 1020 478 1046 es
498 1020 618 1057 quarn
639 1014 724 1046 rota
744 1006 923 1057 figularis.
983 1008 1053 1045 ΕΡ.
1085 1005 1163 1044 iam
1183 1019 1256 1057 ego
1277 1006 1424 1056 parabo
1464 1016 1500 1048 35

109 1071 281 1122 aliquam
302 1074 481 1112 dolosam
503 1072 715 1119 fidicinam,
738 1085 903 1111 nummo
923 1073 1121 1111 conducta
1141 1085 1242 1122 quae
1262 1071 1321 1117 sit,

110 1151 211 1187 quae
232 1151 272 1176 se
293 1147 467 1188 emptam
488 1138 655 1184 simulet,
679 1151 780 1188 quae
801 1151 913 1176 senes
934 1138 1015 1176 duo
1031 1138 1148 1175 docte
1169 1136 1400 1175 ludificetur.

109 1216 195 1241 eam
217 1204 335 1242 ducet
355 1203 470 1241 simul
487 1203 711 1254 Apoecides
726 1204 778 1242 ad
799 1210 908 1242 tuom
929 1210 1090 1253 patrem.
1140 1203 1202 1240 ST.
1226 1210 1267 1240 ut
1284 1210 1415 1252 parate
1434 1204 1439 1239 ἔ

22 1276 86 1313 375
110 1269 178 1305 ΕΡ.
211 1281 298 1306 eam
320 1268 634 1318 permeditatam‚
653 1267 751 1307 meis
771 1267 872 1307 dolis
892 1267 1122 1316 astutiisque
1143 1274 1325 1305 onustam

108 1332 271 1371 mittam.
331 1334 400 1372 sed
421 1333 527 1371 nimi'
548 1335 709 1384 longum
730 1335 880 1383 loquor,
903 1332 971 1371 diu
993 1346 1054 1370 me
1075 1331 1166 1370 estis
1187 1332 1391 1371 demorati.
1458 1347 1500 1377 40

108 1398 204 1437 haec
225 1398 330 1437 scitis
352 1398 428 1437 iam
450 1408 492 1437 ut
512 1400 641 1438 futura
661 1399 748 1437 sint.
806 1399 1042 1437 abeo—ST.
1074 1397 1175 1436 bene
1195 1397 1408 1436 ambulato.

107 1465 184 1503 CH.
217 1463 323 1502 nimi'
344 1465 485 1503 doctus
506 1464 583 1503 illic
603 1465 653 1503 ad
670 1466 771 1503 male
792 1463 1027 1503 faciendum.
1078 1464 1140 1502 ST.
1173 1476 1236 1501 me
1252 1463 1437 1513 equidem

1331 1538 1438 1568 certo

107 1594 277 1633 seruauit
297 1595 470 1634 consiliis
491 1596 580 1634 suis.
641 1597 718 1635 CH.
751 1595 939 1634 abeamus
961 1593 1063 1632 intro
1083 1593 1175 1632 hinc
1195 1595 1244 1632 ad
1267 1607 1340 1632 me.

23 1661 89 1703 380
107 1661 171 1698 ST.
202 1668 320 1710 atque
355 1661 557 1711 aliquanto
591 1660 790 1700 lubentius
820 1673 939 1710 quam
968 1673 1038 1710 aps
1072 1667 1110 1698 te
1144 1673 1230 1697 sum
1261 1673 1437 1709 egressus

1307 1732 1411 1763 mtus
1429 1740 1436 1766 :

107 1790 250 1830 uirtute
269 1799 388 1842 atque
403 1791 579 1843 auspicio
603 1791 758 1843 Epidici
775 1805 866 1830 curn
887 1791 1031 1842 praeda
1047 1790 1086 1829 in
1108 1797 1233 1829 castra
1248 1791 1434 1829 redeo.—
1453 1805 1494 1837 45

205 1906 572 1943 PER1PHANES
682 1906 1008 1943 APoEC1DEs
1118 1905 1332 1941 SERVVS
1454 1906 1498 1942 iii

106 1987 174 2024 PE.
208 1988 301 2025 Non
323 1987 400 2026 oris
421 2001 559 2026 caussa
580 1988 701 2027 modo
722 1986 903 2026 homines
923 2000 1093 2037 aequom
1115 1986 1186 2024 fuit

104 2050 177 2089 sibi
199 2053 343 2091 habere
364 2054 569 2102 speculum
590 2052 657 2091 ubi
679 2065 722 2091 os
743 2053 1055 2102 contemplarent
1076 2065 1202 2098 suom,

146 2157 207 2194 361
236 2157 422 2187 adueniens
441 2156 669 2187 Camerarius:
696 2157 838 2187 ueniens
855 2155 920 2187 cod.
943 2156 999 2193 (iii.
1017 2156 1052 2194 35
1186 2157 1251 2195 363
1275 2156 1432 2187 astutiam

104 2200 190 2230 hanc
208 2199 354 2238 Pylades,
374 2201 428 2230 cui
442 2201 574 2231 institui
591 2199 728 2240 displicet
859 2201 922 2239 364
948 2210 1012 2238 ego
1024 2198 1081 2230 del.
1096 2198 1236 2238 Pylades
1369 2201 1432 2238 365

103 2243 129 2273 si
147 2244 202 2281 qui
222 2244 263 2273 ad
282 2254 357 2274 eum
376 2244 561 2274 adueniant
581 2243 793 2274 Camerarius
891 2244 1005 2273 datum
1025 2253 1100 2273 esse
1118 2242 1257 2282 Pylades
1367 2253 1432 2283 373

103 2287 200 2317 docta
216 2286 266 2316 PE
370 2288 433 2326 378
458 2287 524 2317 illic
566 2287 620 2317 ille
636 2288 696 2325 [ita
713 2287 793 2326 cod.)
812 2291 864 2318 est
879 2286 1091 2318 Camerarius
1178 2286 1227 2317 vel
1241 2287 1432 2326 mequidem

104 2331 168 2369 383
193 2331 440 2370 contemplaret
457 2330 522 2362 cod.
544 2331 634 2370 (—ent
648 2330 689 2370 s)
