1727 2712
747 103 952 141 CASINA
1428 103 1505 140 III.
1529 114 1559 140 v

451 213 569 253 missa
588 228 675 253 sum
696 214 767 253 tibi
788 222 830 252 ut
851 214 1035 261 dicerem,

47 285 160 329 682-3
179 279 231 318 ab
262 293 308 318 ea
342 279 398 317 uti
432 293 572 318 caueas
606 279 686 318 tibi.
748 282 817 318 Lv.
851 279 945 330 perii
981 281 1111 318 hercle
1141 294 1214 330 ego
1245 280 1382 319 miser!
1442 282 1509 318 ΡΑ.
1531 295 1571 327 55

93 482 159 526 685

94 1529 163 1563 700

95 1854 160 1891 705

1251 344 1420 396 dig<nu’s
1441 343 1510 397 tu).

238 412 306 448 Lv.
339 424 470 460 neque
489 418 547 448 est
567 424 696 460 neque
716 410 788 448 fuit
809 423 872 448 me
893 423 1011 448 senex
1032 410 1241 460 quisquam
1262 417 1415 448 amator

235 476 414 525 adaeque
435 476 561 514 miser.
621 478 690 514 ΡΑ.
723 477 818 514 ludo
839 489 912 526 ego
933 477 1039 514 hunc
1060 477 1185 515 facete
1200 491 1210 524 3

235 554 326 578 nam
347 554 448 591 quae
468 542 570 579 facta
589 540 669 579 dixi
689 540 824 578 omnia
843 540 935 578 huic
956 542 1051 578 falsa
1072 541 1150 579 dixi
1167 557 1174 579 :

234 619 299 644 era
316 613 436 655 atque
456 607 553 643 haec
573 607 711 644 dolum
733 619 778 643 ex
799 619 992 655 proxumo
1013 607 1120 644 hunc
1140 607 1396 656 protulerunt,

234 683 307 720 ego
327 671 432 708 hunc
454 670 571 708 missa
591 684 679 708 sum
699 671 844 709 ludere.
905 672 975 709 Lv.
1009 672 1106 710 heus
1128 670 1374 709 Pardalisca!
1531 677 1575 708 60

236 737 304 773 ΡΑ.
336 735 432 785 quid
453 737 540 773 est?
598 737 668 773 Lv.
701 738 884 774 est—PA.
918 735 1044 786 quid?
1102 738 1171 774 LY.
1203 744 1262 774 est
1287 737 1394 786 quod
1420 738 1513 774 uolo

1174 800 1375 850 exquirere
1395 815 1441 839 ex
1462 809 1510 839 te.

236 866 303 902 ΡΑ.
337 877 487 902 moram
508 866 622 903 offers
643 864 751 903 mihi.
802 866 872 903 Lv.
904 873 943 903 at
964 873 1005 903 tu
1028 865 1123 903 mihi
1145 867 1259 904 offers
1281 879 1508 904 maerorem.

287 930 357 967 sed
378 929 548 968 etiamne
568 930 688 968 habet
708 943 815 968 nunc
836 930 981 969 Casina
1000 931 1205 980 gladium?

235 995 302 1031 ΡΑ.
335 994 464 1041 habet,
488 995 558 1032 sed
578 995 690 1032 duos.
750 996 821 1032 LY.
854 994 964 1045 quid,
984 997 1115 1034 duos?
1172 997 1241 1034 ΡΑ.
1272 997 1394 1034 altero
1418 1002 1456 1034 te

233 1058 455 1097 occisurum
474 1058 539 1106 ait,
561 1060 683 1098 altero
704 1059 865 1098 uilicum
886 1059 1017 1098 hodie.
1529 1065 1570 1108 65

289 1125 360 1162 Lv.
391 1123 669 1162 occisissumus
691 1138 778 1162 sum
799 1124 978 1162 omnium
1000 1125 1067 1175 qui
1089 1125 1238 1164 uiuont.

287 1189 448 1227 loricam
469 1189 632 1228 induam
653 1189 706 1227 mi
727 1197 937 1239 optumum
958 1204 1043 1228 esse
1063 1191 1213 1241 opinor.

233 1254 330 1304 quid
351 1267 447 1292 uxor
467 1255 583 1293 mea?
612 1268 693 1293 non
713 1255 796 1293 adit
815 1263 934 1305 atque
954 1256 1131 1294 ademit?

235 1321 303 1358 ΡΑ.
335 1333 454 1358 nemo
473 1321 594 1358 audet
613 1333 737 1371 prope
755 1321 954 1359 accedere.
1007 1323 1076 1359 Lv.
1108 1329 1251 1360 exoret.
1304 1323 1371 1359 ΡΑ.
1405 1328 1512 1359 orat:

234 1392 349 1435 negat
370 1398 516 1435 ponere
536 1385 614 1423 alio
635 1386 756 1424 modo
777 1386 858 1424 ullo
878 1387 1066 1437 profecto,
1533 1398 1574 1434 70

234 1449 308 1488 nisi
329 1463 371 1488 se
391 1450 488 1488 sciat
507 1450 626 1489 uilico
647 1463 728 1488 non
749 1451 886 1489 datum
907 1450 962 1488 iri.

236 1516 306 1553 Lv.
337 1515 447 1565 atqui
468 1515 653 1565 ingratiis,
675 1516 768 1566 quia
788 1529 868 1554 non
890 1518 984 1563 uolt,
1007 1517 1129 1555 nubet
1151 1517 1280 1556 hodie.

234 1594 327 1618 nam
347 1594 420 1630 qur
441 1594 521 1618 non
543 1594 616 1631 ego
640 1580 680 1619 id
701 1589 920 1631 perpetrem
942 1583 1050 1631 quod
1071 1582 1195 1632 coepi,

288 1653 331 1684 ut
352 1647 475 1684 nubat
496 1646 746 1684 mihi—illud
767 1646 927 1696 quidem
950 1647 1145 1695 uolebam,

289 1720 423 1750 nostro
444 1711 591 1749 uilieo?
650 1713 718 1749 ΡΑ.
752 1711 949 1761 saepicule
969 1725 1120 1763 peccas.
1533 1718 1573 1755 75

236 1778 307 1814 LY.
339 1776 455 1814 timor
475 1776 679 1826 praepedit
700 1776 830 1815 uerba.
891 1790 1039 1823 uerum,
1063 1790 1228 1828 opsecro
1248 1785 1297 1825 te,

235 1841 300 1879 dic
321 1843 412 1879 med
433 1854 593 1879 uxorem
616 1854 725 1879 orare
746 1849 787 1879 ut
808 1850 940 1880 exoret
961 1842 1066 1880 illam

207 1906 354 1945 ladium
375 1914 416 1944 ut
438 1914 559 1957 ponat
575 1914 613 1944 et
635 1907 760 1945 redire
776 1920 840 1945 me
860 1907 962 1946 intro
979 1916 1020 1946 ut
1042 1908 1164 1946 liceat.
1215 1911 1282 1946 ΡΑ.
1306 1908 1509 1947 nuntiabo.

223 2012 282 2041 681
311 2012 477 2044 dicerem]
502 2012 534 2041 di
553 2011 586 2041 P
607 2012 728 2046 (dicam
753 2012 814 2044 ΒΤ)
973 2013 1037 2043 682
1063 2018 1099 2043 ut
1124 2012 1212 2044 codd.
1319 2012 1452 2051 dignu's
1477 2020 1511 2044 tu

182 2054 329 2086 Schoell:
353 2046 506 2094 dig—del
517 2055 639 2094 dig—u
652 2055 685 2085 A
704 2068 709 2085 z
738 2066 802 2087 om.
817 2056 863 2087 P:
888 2056 939 2087 vel
953 2057 1070 2095 dignu’
1090 2062 1124 2087 tu
1144 2057 1332 2097 (septenar.)
1447 2057 1512 2088 688

182 2099 245 2129 huc
261 2097 295 2128 P
393 2100 459 2138 689
483 2099 542 2140 ex]
564 2110 584 2130 a
604 2099 638 2129 P
723 2101 783 2138 691
811 2101 869 2130 sed
896 2100 1048 2131 adhaeret
1062 2100 1169 2140 priori
1185 2099 1340 2130 versm'A
1446 2102 1512 2140 693

183 2142 365 2173 occisuram
383 2143 416 2172 A
439 2144 476 2184 (i.
492 2143 528 2182 9)
662 2144 726 2182 695
751 2143 799 2174 vel
817 2144 918 2183 opino
1052 2145 1115 2183 696
1138 2142 1225 2186 (an)
1244 2154 1310 2173 non
1334 2142 1440 2178 Weise,
1460 2155 1512 2174 cuz

117 2219 123 2226 Ι
183 2186 318 2225 mea(1'n
328 2189 451 2225 pausa)
464 2185 605 2227 dx'splzket
678 2187 795 2217 adimit
805 2187 853 2217 P(
861 2193 922 2228 pro
933 2188 1060 2218 ademit
1076 2190 1097 2219 ἔ)
1188 2189 1253 2226 699
1274 2187 1314 2217 Ni
1328 2186 1362 2217 P
1448 2198 1512 2226 700

182 2228 328 2268 atqueP
442 2240 499 2270 701
522 2240 598 2260 nam
621 2230 698 2271 qur]
724 2240 903 2269 numquam
921 2231 954 2261 A
1073 2241 1133 2270 702
1158 2231 1313 2261 uolebam
1334 2230 1421 2261 codd.
1438 2231 1510 2261 Pri-

181 2273 288 2303 seiani
313 2283 339 2312 1,
372 2283 454 2312 104:
491 2272 636 2314 [dicere]
664 2273 818 2304 uolebam
843 2275 898 2305 A:
932 2274 1085 2305 uolebam
1112 2275 1196 2315 [non
1222 2274 1299 2315 sed]
1328 2273 1361 2303 P
1384 2275 1441 2312 (iv.
1476 2276 1508 2313 1)

183 2325 246 2354 703
270 2317 484 2356 saepiuscule
508 2316 707 2354 Priscianus,
721 2317 820 2357 gloss.
840 2317 950 2350 Plaut.
1064 2328 1124 2357 704
1149 2317 1226 2348 teA
1242 2321 1277 2347 ut
1288 2317 1352 2349 vid.
1370 2329 1376 2349 ε
1402 2328 1466 2349 om.
1481 2317 1514 2349 F

182 2359 236 2398 (cf.
258 2360 333 2399 738)
475 2361 536 2400 706
562 2360 613 2391 lic.
635 2361 714 2402 (om.
736 2360 788 2402 ut)
804 2361 837 2392 A
