1727 2712
645 110 934 153 CVRCVLIO
1404 108 1451 146 V.
1475 107 1504 146 ii

38 233 108 270 610
125 230 204 266 TH.
235 229 366 266 saluos
387 240 485 274 sum,
508 239 646 264 eccum
668 238 787 275 quem
808 223 1057 274 quaerebam.
1117 221 1213 272 quid
1234 220 1325 271 agis,
1349 221 1454 258 bone

1074 287 1161 325 uir?
1218 288 1290 326 CV.
1322 285 1452 324 audio.

123 357 155 396 si
184 358 243 397 uis
278 357 390 396 tribu’
424 356 524 396 bolis
555 357 617 395 uel
652 355 692 394 in
722 355 983 404 chlamydem.
1045 354 1124 391 TH.
1157 351 1253 402 quin
1283 358 1325 390 tu
1355 350 1386 388 is
1416 350 1455 388 in

1133 420 1276 457 malam
1297 429 1455 456 crucem

123 503 214 528 cum
235 488 346 536 bolis,
370 502 461 527 cum
483 487 629 527 bullis?
658 487 779 526 redde
799 484 917 524 etiam
938 492 1142 534 argentum
1163 491 1230 522 aut
1250 481 1453 532 uirginem.

0 572 1 592 ι
124 555 196 595 Cv.
229 554 337 604 quod
363 561 580 604 argentum,
603 565 700 603 quas
731 559 773 590 tu
803 549 899 589 mihi
930 549 1044 588 tricas
1075 550 1235 587 narras?
1264 560 1384 598 quam
1415 553 1456 584 tu
1483 557 1518 589 ¹5

1265 611 1457 663 uirginem

124 698 188 723 me
214 683 416 735 reposcis?
472 685 550 722 TH.
584 696 703 733 quam
733 682 784 720 ab
814 682 958 720 lenone
988 678 1151 719 abduxti
1179 678 1310 725 hodie,
1340 678 1459 716 scelu’

1372 742 1455 781 uiri.

39 816 104 861 615
125 816 197 854 Cv.
228 815 376 853 nullam
396 813 554 853 abduxi.
614 814 693 851 ΤΗ.
724 819 828 850 certe
849 810 1035 849 eccistam
1057 809 1186 848 uideo.
1248 811 1321 846 PH.
1349 808 1458 858 uirgo

1127 875 1225 912 haec
1246 873 1367 912 libera
1387 881 1455 912 est.

125 947 204 983 TH.
237 958 352 984 mean
379 943 521 983 ancilla
548 943 669 982 libera
693 949 736 981 ut
763 941 825 989 sit,
849 954 969 991 quam
1001 953 1074 990 ego
1102 952 1318 989 numquam
1348 937 1457 976 emisi

1311 1017 1429 1041 manu
1444 1005 1460 1040 ?

126 1077 201 1114 PH.
232 1074 320 1125 quis
347 1074 417 1113 tibi
445 1075 548 1112 hanc
574 1072 685 1113 dedit
710 1070 953 1121 mancupio?
985 1076 1053 1108 aut
1080 1069 1186 1108 unde
1211 1067 1368 1107 emisti?
1399 1069 1459 1106 fac

1323 1133 1455 1172 sciam.

125 1207 204 1243 ΤΗ.
237 1204 475 1255 egoquidem
496 1218 567 1254 pro
587 1203 683 1242 istac
704 1216 785 1241 rem
807 1200 907 1240 solui
929 1201 979 1239 ab
1000 1199 1185 1250 tarpezita
1206 1213 1295 1238 meo
1314 1215 1321 1237 :
1481 1214 1523 1237 20

126 1284 245 1321 quarn
293 1284 366 1321 ego
414 1269 623 1320 pecuniam
672 1266 969 1318 quadruplicem
1034 1266 1102 1316 aps
1151 1273 1188 1303 te
1233 1272 1269 1303 et
1318 1265 1462 1303 lenone

1276 1330 1460 1367 auferam.

42 1404 112 1439 620
130 1403 203 1439 PH.
236 1400 304 1450 qui
324 1399 399 1439 seis
421 1398 582 1438 mercari
603 1398 764 1436 furtiuas
785 1405 903 1446 atque
925 1395 1114 1445 ingenuas
1136 1393 1316 1444 uirgines,

128 1466 288 1506 ambula
308 1465 348 1504 in
368 1465 439 1504 ius.
498 1466 533 1503 T
538 1477 578 1502 Η.
611 1477 691 1503 non
712 1477 771 1502 eo.
832 1464 906 1500 ΡΗ.
941 1461 1031 1499 licet
1053 1468 1090 1499 te
1110 1459 1324 1499 antestari?
1380 1460 1460 1497 ΤΗ.

1258 1538 1338 1563 non
1360 1524 1461 1563 licet.

130 1587 204 1624 PH.
238 1585 414 1636 Iuppiter
434 1592 486 1633 te,
508 1585 667 1625 †male†
689 1583 841 1633 perdat,
861 1581 1067 1620 intestatus
1090 1579 1215 1618 uiuito
1231 1593 1240 1626 5

129 1658 168 1689 at
188 1664 272 1701 ego,
295 1664 414 1701 quem
435 1649 537 1697 licet,
559 1657 608 1688 te.
653 1649 800 1687 aceede
821 1648 909 1686 huc.
969 1647 1049 1684 ΤΗ.
1073 1657 1228 1684 seruom
1250 1643 1464 1683 antestari?
1484 1656 1521 1686 25

1254 1712 1325 1750 Cv.
1358 1710 1460 1750 uide.

1 1784 109 1829 624—5
131 1781 194 1819 e'm
224 1788 267 1820 ut
296 1780 395 1820 scias
426 1793 489 1819 me
516 1779 682 1818 liberum
713 1780 821 1817 esse!
870 1790 962 1828 ergo
991 1776 1152 1815 ambula
1183 1775 1221 1814 in
1252 1774 1321 1813 ius.
1381 1777 1460 1813 ΤΗ.

1285 1854 1347 1878 em
1370 1839 1439 1879 tibi
1457 1843 1463 1878 !

131 1913 202 1952 CV.
226 1926 250 1950 ο
270 1911 388 1959 ciues,
411 1909 518 1950 ciues
538 1913 544 1948 !
588 1911 667 1947 ΤΗ.
691 1907 787 1959 quid
808 1909 984 1947 clamas?
1037 1909 1111 1945 PH.
1137 1905 1232 1956 quid
1254 1905 1323 1943 tibi
1346 1905 1462 1944 istum

1237 1970 1357 2009 tactio
1377 1972 1465 2008 est?

131 2044 210 2080 ΤΗ.
242 2041 335 2092 quia
363 2040 417 2079 mi
446 2039 615 2079 lubitum
643 2047 712 2079 est.
773 2041 846 2078 ΡΗ.
879 2040 1025 2078 aceede
1057 2040 1136 2077 huc
1168 2045 1221 2084 tu,
1251 2050 1324 2087 ego
1354 2035 1463 2073 illum

1093 2103 1164 2143 tibi
1185 2104 1342 2149 dedam,
1366 2108 1461 2140 tace.

175 2212 235 2241 611
264 2212 292 2241 is
307 2210 381 2242 Ital.
399 2222 405 2241 :
431 2220 467 2241 es
483 2210 548 2240 cod.
568 2211 643 2251 (pro
661 2210 710 2241 eis
722 2210 747 2250 2)
904 2210 969 2239 612
993 2208 1101 2239 bulbis
1119 2207 1151 2237 Β
1241 2207 1344 2237 redde
1365 2207 1464 2237 etiam

132 2258 336 2295 suspectum:
363 2265 387 2285 r.
410 2254 490 2284 mihi
509 2255 572 2284 iarn
590 2253 731 2293 Pylades
861 2254 925 2291 614
950 2252 1121 2282 abduxisti
1140 2250 1213 2281 Ital,
1330 2252 1394 2288 619
1418 2249 1468 2279 vel

133 2300 189 2329 ted
359 2299 423 2327 620
447 2298 514 2328 seis
530 2297 635 2328 Pius:
659 2297 749 2328 scies
766 2296 830 2327 cod.
853 2297 929 2336 (pro
957 2296 1084 2332 seeisz)
1265 2295 1325 2324 621
1354 2299 1388 2324 te
1405 2293 1461 2323 del.

133 2341 261 2373 Merula
393 2344 458 2372 622
475 2347 508 2372 te
526 2341 624 2372 miles
640 2341 704 2371 Leo
720 2352 726 2370 ι
752 2341 838 2371 male
857 2344 889 2370 te
906 2339 1007 2369 Klotz
1022 2351 1027 2368 z
1051 2340 1131 2377 fort.
1151 2343 1195 2375 te,
1218 2338 1316 2373 male,
1336 2336 1464 2379 (male)

133 2388 196 2424 623
219 2386 270 2416 vel
284 2386 340 2416 ted
445 2387 518 2425 623,
538 2388 600 2424 624
625 2384 675 2415 vel
688 2385 776 2414 uide.
826 2384 888 2414 Cv.
909 2382 970 2413 Em
1088 2382 1154 2412 626
1178 2382 1279 2412 istum
1298 2381 1355 2412 tibi
1374 2380 1439 2412 cod.
1457 2391 1464 2410 :

134 2430 204 2460 irai.
226 2429 360 2460 Guietus
