1727 2712
675 126 949 166 ASINARIA
1401 133 1472 170 IV.
1491 131 1506 170 i

147 229 217 268 PA.
250 232 446 272 horrescet
467 235 555 274 faxo
575 237 673 284 lena,
697 238 801 288 leges
822 251 943 288 quom
964 239 1108 279 audiet.

59 302 128 340 750
148 295 212 332 D1.
251 308 334 345 age,
365 309 524 346 quaeso,
558 298 611 337 mi
641 300 772 338 hercle
805 303 1009 353 translege.
1079 306 1147 343 PA.
1187 304 1308 344 audin
1325 307 1342 344 ?
1406 309 1470 346 D1.
1495 321 1511 352 5

1340 372 1470 412 audio.

142 425 210 462 ΡΑ.
243 427 253 444 ‘
270 424 462 466 Diabolus
484 428 624 467 Glauci
645 430 746 469 filius
768 431 971 471 Clearetae

140 490 252 528 lenae
272 491 382 529 dedit
402 492 512 531 dono
531 495 680 544 argenti
702 495 839 546 uiginti
860 497 998 546 minas,

140 554 387 594 Philaenium
409 564 450 595 ut
471 571 606 597 secum
627 568 729 600 esset
749 569 886 601 noctes
907 570 945 601 et
965 563 1050 602 dies

139 620 245 674 hunc
291 634 441 660 annum
494 627 646 664 totum.'
722 627 788 665 D1.
839 641 969 679 neque
1017 643 1107 668 cum
1156 630 1345 681 quiquam
1393 632 1471 671 alio

1293 697 1466 747 quidem.

50 759 116 795 755
138 751 205 788 ΡΑ.
237 752 426 791 addone?
484 756 548 793 Dr.
579 757 695 804 adde,
717 764 756 796 et
776 757 923 797 scribas
944 759 1036 798 uide
1056 762 1173 810 plane
1193 769 1230 800 et
1251 763 1384 813 probe.
1489 779 1528 803 10

137 816 205 853 ΡΑ.
241 816 434 855 ‘alienum
460 817 465 868 Ι
493 820 696 859 hominem
719 822 723 872 Ι
749 822 851 863 intro
872 824 1000 864 mittat
1020 826 1231 867 neminem.

134 881 244 930 quod
264 880 329 919 illa
348 889 415 920 aut
435 883 607 923 amicum
633 885 638 936 Ι
664 893 731 924 aut
752 894 962 937 patronum
984 890 1173 938 nominet,

133 952 201 983 aut
221 947 331 996 quod
350 946 415 985 illa
434 948 575 987 amicai
594 949 721 1003 (eum)
739 960 956 991 amatorem
978 955 1187 1004 praedicet,

133 1011 235 1049 fores
256 1013 437 1051 occlusae
464 1014 468 1064 Ι
494 1014 680 1054 omnibus
701 1016 777 1055 sint
798 1017 872 1056 nisi
893 1018 974 1057 tibi.

46 1079 116 1123 760
133 1074 172 1113 in
194 1076 342 1115 foribus
363 1078 507 1117 scribat
527 1088 762 1131 occupatam
789 1082 793 1134 Ι
820 1097 906 1122 esse
926 1097 977 1122 se.
1490 1104 1526 1137 15

131 1147 198 1178 aut
219 1142 328 1191 quod
344 1142 409 1181 illa
429 1143 534 1183 dicat
555 1158 714 1196 peregre
735 1149 892 1187 allatam
914 1149 1137 1199 epistulam,

132 1219 182 1245 ne
201 1206 369 1257 epistula
388 1209 550 1259 quidem
571 1213 651 1250 ulla
671 1212 719 1251 sit
740 1213 780 1252 in
800 1215 966 1254 aedibus

131 1284 204 1310 nec
225 1280 354 1312 cerata
373 1275 475 1313 adeo
495 1276 629 1315 tabula
644 1292 654 1325 3
683 1285 722 1316 et
742 1278 774 1316 si
795 1292 873 1330 qua
893 1280 1041 1319 inutilis

130 1336 281 1386 pictura
301 1338 360 1385 sit,
383 1352 470 1378 eam
491 1342 662 1380 uendat:
692 1342 732 1381 ni
753 1343 792 1382 in
814 1345 1037 1394 quadriduo

42 1405 108 1451 765
127 1401 367 1451 abalienarit,
391 1417 471 1455 quo
490 1419 560 1456 aps
582 1414 620 1445 te
639 1416 844 1458 argentum
865 1411 1072 1461 acceperit,
1484 1433 1525 1455 20

127 1474 216 1505 tuos
236 1468 445 1508 arbitratus
466 1470 525 1519 sit,
549 1473 770 1521 comburas,
794 1474 824 1512 si
846 1475 954 1523 uelis,

127 1545 176 1570 ne
196 1532 250 1571 illi
271 1533 320 1572 sit
341 1547 430 1574 cera
450 1535 518 1574 ubi
541 1537 668 1576 facere
688 1538 812 1589 possit
833 1539 989 1580 litteras.

126 1605 242 1636 uocet
263 1599 475 1639 conuiuam
498 1601 698 1641 neminem
720 1603 795 1651 illa,
819 1612 861 1643 tu
882 1619 1002 1645 uoces
1018 1622 1029 1654 3

123 1662 174 1700 ad
195 1675 331 1702 eorum
352 1678 402 1704 ne
423 1679 542 1716 quem
568 1666 572 1717 Ι
599 1669 736 1706 oculos
756 1669 901 1709 adiciat
921 1685 1023 1710 suos.

37 1739 106 1775 770
123 1725 155 1764 si
175 1739 294 1776 quem
315 1730 435 1769 aliurn
455 1732 615 1782 aspexit,
639 1746 757 1772 caeca
777 1735 968 1775 continuo
988 1737 1071 1776 siet.
1476 1758 1516 1791 25

122 1798 254 1831 tecum
275 1807 353 1833 una
373 1804 510 1846 postea
529 1811 656 1848 aeque
676 1801 791 1849 pocla
811 1801 975 1851 potitet:

120 1869 190 1907 aps
211 1859 278 1897 ted
298 1859 476 1910 accipiat,
499 1861 570 1901 tibi
590 1864 784 1915 propinet,
807 1873 848 1904 tu
870 1866 994 1914 bibas,

121 1935 171 1960 ne
190 1922 256 1962 illa
276 1924 406 1964 minus
426 1934 493 1965 aut
513 1930 600 1978 plus
621 1942 741 1980 quam
762 1939 803 1970 tu
825 1932 974 1983 sapiat!
1033 1935 1098 1972 DI.
1131 1934 1215 1974 sati⁷
1234 1937 1372 1987 placet.

121 1988 190 2026 PA.
225 1990 490 2041 ‘suspiciones
510 1994 639 2033 omnis
659 1996 710 2034 ab
730 2009 772 2035 se
792 2006 976 2049 segreget.

33 2061 98 2098 775
119 2065 249 2104 neque
268 2054 381 2095 illaec
401 2057 468 2095 ulli
489 2060 592 2109 pede
612 2061 755 2110 pede'm
777 2063 928 2101 homini
949 2072 1110 2114 premat,
1470 2086 1511 2118 30

163 2167 223 2197 751
248 2168 316 2200 sqq.
337 2159 375 2191 de
385 2163 693 2203 syngraphimultis
706 2166 847 2198 hiatibus
865 2168 903 2207 cs.
925 2169 1072 2210 Lz'ndscey
1090 2170 1179 2211 Capi.
1197 2182 1227 2211 p.
1242 2181 1283 2212 53

408 2215 468 2244 757
494 2208 643 2238 nominet
665 2208 821 2248 Pylades:
857 2213 1026 2243 neminem
1050 2214 1115 2245 cod.
1135 2217 1188 2255 (ex
1210 2227 1237 2246 v.
1258 2217 1339 2256 7563
1364 2228 1393 2249 v.
1413 2219 1449 2259 4)

118 2246 182 2283 758
205 2247 313 2277 amica
323 2247 390 2279 cod.
449 2260 525 2281 eum
538 2250 672 2282 addidi:
691 2252 845 2296 <uit-um)
856 2255 923 2285 Leo
940 2268 946 2287 :
966 2255 1091 2299 (suae)
1105 2257 1298 2290 Gulielmius
1386 2264 1450 2301 760

118 2298 189 2319 occ.
216 2299 279 2321 scr.
306 2290 444 2330 Pylades
646 2297 708 2334 762
733 2308 763 2336 q.
784 2299 967 2341 (usquam)
985 2311 1019 2331 u.
1040 2301 1176 2341 Lange:
1201 2303 1281 2341 sort.
1302 2315 1337 2344 q.
1360 2306 1448 2336 nulla

117 2332 179 2370 767
205 2333 238 2363 ni
254 2333 344 2365 codd.
361 2335 466 2367 Nonii
482 2346 544 2376 190
563 2340 600 2367 ut
620 2339 685 2370 vid.
845 2344 908 2382 769
933 2354 1049 2374 eorum
1070 2345 1302 2376 Cameram'us:
1340 2348 1445 2382 sorum

115 2375 181 2405 cod.
211 2376 328 2450 ({pro
345 2378 388 2420 E)
478 2391 679 2421 quemquam
703 2383 806 2415 Bothe
892 2387 949 2417 vix
962 2388 1090 2418 ocellos
1225 2400 1283 2429 771
1312 2393 1447 2434 postea]

117 2424 213 2458 potet
261 2431 295 2450 eo
