1727 2702
183 91 266 129 V.i
668 89 714 126 T.
749 87 928 127 MACCI
962 87 1166 125 PLAVTI

253 213 388 238 uerum
411 198 613 237 mulierem
637 197 810 249 peiorem
834 210 953 247 quam
976 198 1074 236 haec
1092 196 1219 235 amica
1239 203 1296 235 est
1318 196 1554 236 Phaedromi
1651 220 1690 256 Ὗ

254 278 333 304 non
356 263 436 303 uidi
458 277 587 314 neque
607 262 753 309 audiui,
777 276 906 312 neque
929 263 990 312 pol
1016 261 1094 300 dici
1118 275 1190 300 nec
1212 261 1303 312 fingi
1325 269 1453 312 potest

215 350 233 381 5
254 330 362 381 peior
397 327 532 382 [quam
563 329 660 369 haec
689 325 788 380 est]:
832 340 933 378 quae
965 326 1032 365 ubi
1062 328 1153 366 med
1183 327 1289 365 hunc
1319 327 1462 367 habere
1491 341 1583 367 con·
1601 300 1690 380 5924:l

1217 391 1402 442 spicatast
1420 394 1582 432 anulum
1663 375 1693 439 ζ’

255 468 362 512 rogat
384 461 490 499 unde
510 460 690 498 habeam.
753 462 761 478 ‘
775 458 872 509 quid
891 457 932 497 id
953 465 995 496 tu
1017 457 1171 508 quaeris
1185 459 1222 496 ?’
1255 460 1264 477 ‘
1277 457 1368 508 quia
1395 458 1447 496 mi
1468 471 1584 508 quae·
1682 451 1686 461 ’

1329 522 1439 560 sitost
1460 523 1584 572 opus.'

256 603 357 641 nego
379 603 441 628 me
461 589 602 628 dicere.
658 595 700 627 ut
716 601 807 627 eum
823 587 999 638 eriperet,
1019 587 1179 626 manum
1197 587 1356 638 arripuit
1373 587 1581 626 mordicus.

256 656 320 695 uix
341 657 442 694 foras
465 668 527 694 me
547 654 699 705 abripui
720 661 839 704 atque
860 653 997 703 ecfugi.
1059 666 1182 703 apage
1200 653 1324 691 istanc
1341 652 1559 691 caniculam
1576 655 1584 691 l

1684 263 1689 275 ἱ

207 771 237 808 ii
299 769 628 805 PLANEst
746 766 1135 803 PHAEDROMVS
1258 763 1549 803 CVRCVLIO

638 831 1208 868 THERAPONT1GONVS

259 911 324 948 PL.
359 909 616 954 Phaedrome,
639 919 813 957 propera.
877 907 950 943 PH.
980 905 1075 955 quid
1098 906 1334 955 properem?
1392 907 1457 943 PL.
1482 918 1587 956 para·
1639 892 1648 898 Σ

1190 969 1308 1008 situm
1330 983 1380 1009 ne
1399 970 1584 1010 amiseris.

259 1052 399 1090 magna
429 1051 488 1077 res
518 1045 586 1077 est.
647 1037 722 1076 Cv.
753 1037 860 1074 nulla
888 1042 946 1075 est
978 1035 1083 1083 mihi,
1111 1048 1202 1074 nam
1230 1048 1349 1086 quam
1377 1035 1496 1075 habui
1523 1050 1586 1087 ap·
1604 1041 1675 1091 ὀοοΙ

1231 1100 1380 1150 sumpsi
1400 1101 1584 1140 celeriter.

262 1173 334 1210 ΡΗ.
368 1178 494 1210 teneo.
555 1169 652 1220 quid
668 1167 867 1219 negotist?
935 1169 1002 1206 PL.
1035 1167 1157 1217 rogita
1174 1168 1281 1206 unde
1297 1167 1424 1207 istunc
1446 1168 1588 1207 habeat

1413 1234 1587 1272 anulum.

259 1309 369 1352 pater
389 1300 506 1338 istum
528 1300 630 1338 meu'
649 1297 858 1349 gestitauit.
919 1298 991 1337 Cv.
1024 1305 1062 1336 at
1086 1306 1444 1337 mea—matertera.

222 1384 238 1414 5
262 1368 327 1404 PL.
362 1373 483 1404 mater
509 1364 545 1403 ei
572 1365 765 1403 utendum
795 1363 968 1402 dederat.
1034 1364 1107 1402 Cv.
1140 1370 1249 1412 pater
1276 1375 1369 1402 uero
1399 1363 1430 1401 is
1457 1376 1589 1402 rusum

1508 1428 1588 1467 tibi.

263 1499 329 1535 PL.
356 1509 478 1547 nugas
499 1494 626 1545 garris.
687 1494 759 1533 Cv.
789 1494 909 1541 soleo,
935 1506 1026 1532 nam
1048 1500 1206 1544 propter
1226 1507 1292 1533 eas
1313 1494 1407 1534 uiuo
1427 1493 1588 1533 facilius.

264 1565 328 1601 Pr„
361 1561 457 1612 quid
478 1561 613 1598 nunc?
643 1571 818 1610 opsecro,
843 1565 1025 1608 parentes
1048 1571 1097 1597 ne
1119 1571 1229 1598 meos
1251 1558 1345 1597 mihi
1367 1559 1587 1610 prohibeas.
1607 1562 1675 1607 605

263 1629 334 1668 Cv.
366 1626 463 1677 quid
483 1627 585 1676 ego?
614 1625 687 1663 sub
707 1636 915 1675 gemmane
931 1631 1130 1674 apstrusos
1151 1624 1281 1663 habeo
1296 1632 1403 1663 tuam
1425 1632 1587 1663 matrem

1355 1698 1393 1729 et
1413 1691 1592 1740 patrem?

265 1760 330 1797 PL.
364 1757 485 1796 libera
522 1769 595 1806 ego
634 1769 721 1794 sum
761 1763 862 1794 nata.
941 1757 1013 1796 Cv.
1051 1763 1088 1795 et
1126 1755 1191 1794 alii
1231 1755 1341 1794 multi
1380 1755 1446 1806 qui
1487 1767 1591 1793 nunc

1405 1819 1589 1859 seruiunt.

208 1904 246 1925 ιο
266 1890 339 1927 ΡΗ.
368 1887 473 1926 enim
495 1900 589 1925 uero
610 1886 763 1926 irascor.
824 1889 897 1927 Cv.
920 1887 997 1926 dixi
1020 1887 1205 1938 equidem
1227 1887 1296 1926 tibi
1325 1888 1431 1926 unde
1456 1886 1507 1924 ad
1529 1897 1592 1922 me

1274 1952 1337 1990 hic
1359 1948 1590 2002 peruenerit.

265 2018 447 2069 quotiens
467 2018 682 2057 dicendum
705 2021 793 2058 est?
822 2018 919 2058 elusi
942 2018 1120 2065 militem,
1141 2017 1313 2068 inquam,
1336 2016 1375 2055 in
1395 2018 1489 2054 alea.

309 2135 372 2164 594
399 2125 526 2164 neque]
545 2129 601 2156 aut
618 2123 800 2161 Fleckeisen,
821 2124 872 2154 cui
887 2133 998 2162 neque
1015 2122 1128 2153 audiui
1145 2121 1286 2162 displicet
1406 2130 1470 2159 595
1493 2129 1591 2159 quam

266 2170 349 2199 haec
366 2173 417 2199 est
433 2168 493 2200 del.
513 2167 649 2208 Pylades
666 2169 722 2206 (iv.
748 2169 779 2206 ι)
869 2177 922 2197 me
942 2165 1006 2197 Leo
1025 2166 1077 2206 (cf
1097 2175 1172 2205 454,
1188 2166 1268 2203 6645
1360 2163 1483 2194 habere
1505 2163 1592 2193 hunc

272 2213 471 2243 Taubmcmn
571 2222 632 2252 597
658 2221 792 2242 manum
810 2209 893 2253 (ea)
910 2209 1035 2240 Ritschl
1131 2209 1195 2248 598
1218 2207 1342 2247 arripui
1361 2206 1426 2237 cod.
1527 2207 1593 2237 600

267 2267 311 2286 an
328 2258 416 2287 rest?
509 2256 572 2287 Pa.
594 2255 684 2286 nulla
700 2254 765 2286 cod.
865 2255 925 2284 601
956 2253 1011 2284 Pr..
1032 2258 1140 2283 teneo.
1192 2251 1254 2282 ΡΗ.
1274 2251 1355 2291 quid
1372 2249 1436 2281 cod.
1527 2251 1592 2280 602

268 2301 441 2340 gestitauit
458 2299 582 2343 (olim)
600 2300 642 2339 (2)
661 2298 735 2332 Leo.
747 2299 801 2328 cui
814 2301 887 2328 mea
904 2298 936 2327 in
952 2302 1057 2337 pausa
1071 2294 1209 2336 displice!
1295 2299 1327 2325 at
1343 2292 1442 2335 (pol)
1456 2292 1593 2333 Pylades

268 2345 332 2383 603
357 2354 438 2375 uero
465 2345 594 2384 scripsi:
624 2352 666 2373 uo
689 2341 750 2372 cod.
771 2342 850 2382 (pro
868 2341 993 2380 uo,1'.e.
1024 2339 1121 2378 uero)
1149 2338 1284 2376 (Journ.
1318 2337 1400 2368 ΡΙιιἸ.
1432 2338 1482 2376 26,
1512 2336 1589 2367 2885

271 2393 364 2427 pater
381 2393 457 2418 tuos
477 2387 653 2418 Gruterus:
680 2390 817 2425 patruos
835 2384 908 2414 eius
927 2384 970 2414 (ἢ
990 2381 1054 2412 Leo
1135 2382 1214 2412 mihi
1234 2381 1400 2419 Gruterus,
1419 2390 1590 2421 nugarum

271 2432 368 2462 m'mis
385 2431 576 2473 impatiens:
599 2429 733 2471 propius
748 2427 867 2459 abessa
924 2426 979 2458 Ρι..
1001 2426 1080 2457 tibi?
