1727 2712
645 140 973 178 AVLVLARIA
1400 137 1475 174 III.
1497 137 1528 174 ii

197 254 300 293 adeo
320 260 362 291 ut
383 259 424 290 tu
446 265 575 291 meam
596 250 832 291 sententiam
854 250 930 288 iam
952 262 1115 289 noscere
1136 248 1285 299 possis:

197 318 229 357 si
248 319 300 358 ad
320 318 478 356 ianuam
499 319 577 356 huc
596 316 818 363 accesseris,
841 315 915 354 nisi
936 314 1095 361 iussero,
1119 314 1292 365 propius,

197 397 271 433 ego
292 390 330 422 te
350 382 490 422 faciam
512 382 765 421 miserrumus
785 380 960 419 mortalis
980 380 1036 419 uti
1058 380 1119 418 sis.

198 448 273 488 scis
293 447 371 486 iam
392 461 521 486 meam
542 447 923 486 sententiam—CO.
956 458 1036 495 quo
1056 444 1170 484 abis?
1200 445 1282 485 redi
1304 447 1448 483 rusum.
1499 460 1540 490 30

56 526 123 564 445
198 512 252 553 ita
271 527 334 553 me
355 514 458 553 bene
478 521 584 552 amet
605 515 795 559 Lauerna,
819 519 857 550 te
878 509 995 564 (iam)
1015 511 1107 559 iam,
1124 510 1197 550 nisi
1219 510 1332 550 reddi

251 579 348 618 mihi
368 593 463 618 uasa
483 579 605 626 iubes,
629 578 765 629 pipulo
786 585 823 616 te
844 577 908 615 hic
928 576 1105 615 differam
1127 584 1218 615 ante
1238 576 1358 615 aedis.

142 644 239 696 quid
260 658 334 695 ego
354 659 460 683 nunc
475 646 619 695 agam?
649 659 698 683 ne
714 657 787 694 ego
804 644 947 693 edepol
963 642 1055 681 ueni
1076 644 1153 681 huc
1169 642 1346 693 auspicio
1364 642 1477 679 malo.

142 725 308 751 nummo
329 725 416 750 sum
437 712 684 750 conductus:
715 711 802 761 plus
823 709 901 748 iam
923 709 1080 748 medico
1101 709 1321 747 mercedest
1341 720 1451 758 opus.

522 822 735 860 EVCLlo
847 821 1112 860 CONoRlo
1502 814 1548 852 iii

144 906 242 944 EVC.
276 904 369 942 Hoc
389 902 551 953 quidem
572 903 714 950 hercle,
733 915 896 953 quoquo
923 900 927 953 Ι
954 901 1031 948 ibo,
1050 914 1207 939 mecum
1224 899 1308 947 erit,
1325 913 1481 938 mecum

1346 966 1478 1010 feram,

57 1050 127 1087 450
144 1047 274 1084 neque
294 1032 357 1072 isti
377 1033 417 1072 id
439 1033 478 1071 in
499 1032 617 1071 tantis
638 1032 792 1083 periclis
813 1046 1004 1083 umquam
1026 1031 1273 1070 committam
1294 1037 1337 1069 ut
1358 1029 1439 1069 siet.

142 1099 195 1138 ite
215 1113 309 1138 sane
330 1095 555 1152 nunc[iam]
578 1098 680 1137 intro
701 1112 854 1146 omnes,
874 1105 912 1137 et
933 1097 1051 1149 coqui
1073 1105 1111 1136 et
1131 1096 1328 1144 tibicinae,

142 1164 261 1204 etiam
287 1163 293 1216 ἱ
319 1164 421 1203 intro
441 1165 554 1211 duce,
577 1163 609 1202 si
629 1163 700 1211 uis,
723 1165 785 1202 uel
806 1177 963 1214 gregem
984 1163 1196 1211 uenalium,

142 1229 313 1281 coquite,
336 1229 461 1277 facite,
485 1229 666 1268 festinate
687 1229 873 1268 nunciam
895 1237 1087 1280 quantum
1108 1229 1228 1268 lubet.
1500 1242 1518 1274 5

144 1297 217 1336 CO.
250 1294 425 1346 temperi,
449 1303 659 1346 postquam
681 1294 893 1345 impleuisti
915 1295 1006 1333 fusti
1027 1295 1207 1333 fissorum
1229 1301 1358 1344 caput.

56 1371 122 1409 455
145 1363 243 1401 Evc.
275 1361 378 1400 intro
398 1361 464 1399 abi
481 1377 486 1399 :
520 1367 640 1410 opera
660 1361 738 1398 huc
759 1361 957 1399 conducta
978 1368 1036 1399 est
1056 1367 1200 1406 uostra,
1222 1373 1303 1398 non
1324 1358 1459 1398 oratio.

143 1428 216 1467 Co.
249 1428 358 1474 heus,
381 1439 511 1473 senex,
534 1439 606 1476 pro
622 1427 850 1475 uapulando
870 1427 1001 1464 hercle
1016 1438 1089 1476 ego
1109 1438 1180 1475 aps
1201 1432 1239 1463 te
1256 1426 1479 1463 mercedem

1334 1497 1476 1540 petam.

142 1564 300 1595 coctum
317 1570 401 1606 ego,
424 1570 505 1595 non
526 1557 768 1608 uapulatum,
791 1556 943 1594 dudum
965 1555 1187 1593 conductus
1208 1554 1272 1592 fui.

144 1623 241 1660 Evc.
274 1623 359 1673 lege
378 1622 483 1673 agito
505 1616 673 1660 mecum.
735 1622 924 1660 molestus
945 1634 995 1659 ne
1016 1620 1077 1658 sis.
1139 1621 1149 1658 i
1171 1633 1310 1659 cenam
1336 1633 1477 1670 coque,
1500 1635 1541 1658 10

142 1695 210 1726 aut
222 1686 286 1726 abi
303 1687 342 1725 in
359 1689 509 1737 malum
523 1686 739 1726 cruciatum
756 1687 808 1725 ab
820 1686 996 1725 aedibus.
1047 1686 1120 1725 CO.
1152 1684 1271 1723 abitu
1288 1686 1478 1724 modo——

695 1802 916 1841 EVCL1o
1499 1795 1546 1833 iv

56 1884 126 1927 460
145 1882 243 1920 Evc.
278 1881 363 1920 Illic
384 1881 476 1920 hinc
499 1882 602 1920 abiit.
663 1882 702 1920 di
724 1882 962 1928 inmortales,
987 1879 1138 1919 facinus
1159 1880 1288 1919 audax
1309 1879 1445 1930 incipit

187 2008 251 2036 442
276 1998 367 2028 iusso
387 1998 522 2029 Gm'etus
650 2000 715 2037 446
739 1999 779 2029 ab
797 1999 905 2030 lonico
922 1999 1059 2031 dimetro
1078 1999 1195 2040 incipit,
1217 2009 1297 2029 nam
1316 1997 1412 2028 iubes
1427 1998 1483 2028 vix

143 2041 341 2072 Plautinum
442 2041 557 2081 pipulo
582 2046 744 2072 testantur
769 2042 876 2074 Varro
896 2043 933 2073 de
954 2042 994 2074 L.
1022 2043 1050 2073 L
1078 2054 1106 2083 7,
1139 2053 1208 2082 103,
1238 2041 1368 2072 Nonius
1395 2051 1480 2080 152:

145 2085 270 2124 populo
287 2085 352 2116 cod.
413 2090 447 2116 te
458 2085 512 2116 hic
525 2085 612 2116 codd.
625 2085 730 2116 Nonii
746 2097 806 2125 152
821 2098 826 2117 :
853 2092 886 2117 te
898 2087 987 2118 codd.
1006 2087 1110 2126 Vara,
1126 2088 1214 2118 Non.
1227 2086 1290 2124 284
1307 2098 1314 2116 t
1338 2085 1392 2116 hic
1413 2084 1478 2116 cod.

144 2129 225 2159 mihi
240 2139 321 2159 uasa
334 2128 438 2169 iubes,
454 2129 506 2160 hic
521 2129 636 2169 pipulo
650 2134 684 2160 te
697 2129 778 2160 Reiz
868 2132 932 2169 448
953 2132 1144 2162 mercedest
1159 2130 1247 2172 (-ist)
1259 2139 1346 2169 opus
1356 2129 1460 2160 Bothe
1474 2140 1480 2158 :

146 2172 301 2203 mercede
319 2183 406 2212 opus
427 2177 480 2203 est
501 2172 566 2204 cod.
671 2183 736 2213 449
760 2184 896 2213 quoquo
910 2174 1020 2217 (ego)
1042 2174 1188 2215 lVagner
1289 2182 1352 2212 450
1377 2173 1430 2204 isti
1448 2173 1480 2203 id

143 2214 302 2256 Seyffert:
326 2216 414 2246 istud
435 2216 501 2247 cod.
524 2218 558 2257 (u
575 2222 636 2256 pro
657 2217 698 2256 ii)
804 2227 864 2257 451
893 2218 938 2248 ite
956 2218 1050 2250 Ital:
1077 2219 1122 2249 ita
1139 2218 1204 2249 cod.
1228 2219 1271 2255 (v.
1288 2219 1342 2257 12)
1414 2217 1479 2247 iarn

144 2259 201 2290 del.
219 2258 324 2299 Linge
341 2260 398 2298 (iv.
414 2260 450 2300 3)
584 2270 648 2299 452
673 2260 776 2302 (ite.)
793 2262 894 2291 etiam
909 2262 946 2302 (ἶ)
966 2260 1032 2292 Leo
1165 2272 1228 2301 455
1253 2262 1342 2292 abite
1361 2261 1482 2292 Goeller

145 2304 208 2341 456
224 2304 309 2334 heus
327 2303 480 2343 Bentley:
505 2314 546 2334 eu
562 2303 628 2334 cod.
651 2305 728 2344 (seq.
747 2315 785 2338 s:
810 2316 840 2335 v.
858 2316 887 2344 9.
908 2316 924 2344 7
942 2316 948 2343 ;
975 2306 1018 2336 iii.
1036 2306 1073 2344 3)
1201 2306 1265 2344 458
1282 2310 1315 2336 et
1334 2305 1415 2345 (pro
1431 2306 1478 2339 ei)

144 2357 221 2377 corr.
247 2347 256 2376 i
286 2346 351 2378 cod.
374 2347 477 2378 (unde
505 2347 513 2377 i
543 2352 576 2378 et
600 2347 640 2383 B,
666 2353 699 2378 et
730 2347 834 2388 DPE)
860 2349 910 2388 (cf.
936 2348 1073 2389 degrcn
1101 2349 1192 2380 Part.
1231 2348 1307 2390 Cop.
1339 2349 1390 2390 85,
1419 2350 1476 2389 89)

145 2391 210 2428 460
227 2389 398 2421 immortes
415 2390 480 2422 cod.
502 2394 581 2427 (non
599 2390 663 2425 PJ>
682 2391 744 2431 (iii.
769 2393 821 2431 10)
