1727 2702
72 92 148 131 111.
172 104 201 129 v
601 94 647 132 T.
681 94 861 134 MACCI
894 95 1096 134 PLAVTI

171 205 243 242 Τγ.
277 200 508 256 u0t[a]uisti.
571 204 652 241 HE.
685 216 757 254 qur
777 216 818 242 es
838 216 957 242 ausus
978 204 1131 243 mentiri
1154 204 1281 244 mihi?

171 270 243 307 Τγ.
277 268 369 320 quia
388 282 481 307 uera
501 268 687 307 obessent
707 268 760 307 illi
781 270 876 320 quoi
896 282 1055 320 operam
1077 270 1222 310 dabam
1241 286 1248 309 ε
1524 280 1591 317 705

171 348 276 373 nunc
298 336 392 373 falsa
413 342 588 385 prosunt.
650 336 729 374 HE.
762 342 801 374 at
822 334 892 374 tibi
913 335 1091 374 oberunt.
1151 337 1224 374 Tv.
1256 343 1465 387 optumest.

169 407 207 438 at
229 414 337 439 erum
359 399 524 448 seruaui,
547 413 665 451 quem
686 408 884 440 seruatum
905 402 1071 452 gaudeo,

109 484 149 517 50
169 466 263 517 quoi
285 481 347 506 me
368 468 575 506 custodem
595 466 802 507 addiderat
823 469 901 506 eru’
922 468 1045 508 maior
1065 481 1186 508 meus.

170 533 239 571 sed
261 533 414 571 malene
435 531 474 571 id
496 533 642 571 factum
662 530 741 584 (tu)
759 532 973 572 arbitrare?
1031 535 1111 573 HE.
1145 547 1338 584 pessume.

169 598 241 635 Τγ.
273 604 312 635 at
333 610 406 648 ego
425 596 488 636 aio
509 604 624 644 recte,
647 597 715 648 qui
734 611 804 648 aps
825 605 863 637 te
883 611 1035 638 sorsum
1055 598 1194 638 sentio.
1524 612 1596 648 710

170 675 261 700 nam
283 661 465 713 cogitato,
489 661 520 700 si
541 661 628 713 quis
649 663 725 701 hoc
745 670 864 713 gnato
885 670 954 702 tuo

170 728 249 765 tuo’
270 740 404 766 seruos
425 726 528 774 faxit,
551 728 709 777 qualem
731 728 895 766 haberes
910 727 1104 778 gratiam?

107 805 146 837 55
168 791 418 831 emitteresne
439 805 565 831 necne
584 806 676 832 eum
697 805 852 832 seruom
875 795 1024 832 manu?

167 865 321 896 essetne
341 857 448 908 apud
469 864 508 896 te
527 857 559 896 is
580 871 714 897 seruos
734 858 1074 909 acceptissumus?

168 923 373 972 responde.
436 923 512 962 He.
545 923 696 973 opinor.
755 925 828 962 ΤΥ,
861 937 934 974 qur
953 937 1046 974 ergo
1066 926 1184 964 iratus
1206 924 1301 964 mihi
1326 939 1368 964 es
1384 927 1402 964 ?
1522 937 1588 974 715

171 989 250 1025 HE.
284 986 378 1038 quia
397 986 451 1025 illi
473 987 579 1026 fuisti
600 1001 719 1038 quam
742 988 838 1026 mihi
860 988 1023 1028 fidelior.

170 1054 205 1090 T
209 1065 244 1090 v.
275 1052 402 1103 quid?
430 1059 472 1091 tu
493 1065 572 1091 una
592 1059 709 1092 nocte
733 1053 981 1103 postulauisti
1002 1061 1040 1093 et
1061 1054 1125 1094 die

105 1127 149 1159 60
169 1131 304 1156 recens
324 1125 484 1168 captum
504 1118 720 1166 hominem,
743 1132 947 1170 nuperum,
970 1119 1184 1167 nouicium,

169 1190 206 1222 te
228 1184 440 1233 perdocere
461 1190 503 1222 ut
524 1183 664 1223 melius
684 1185 931 1224 consulerem
952 1185 1024 1224 tibi

167 1262 286 1298 quam
307 1248 360 1287 illi
382 1248 542 1300 quicum
563 1262 643 1287 una
661 1247 719 1301 (a)
737 1262 860 1300 puero
880 1258 1047 1289 aetatem
1070 1252 1302 1301 exegeram?
1520 1260 1591 1297 720

170 1315 248 1352 HE.
281 1327 374 1364 ergo
393 1314 444 1353 ab
464 1327 513 1353 eo
533 1313 656 1364 petito
676 1314 838 1365 gratiam
860 1314 984 1353 istam.
1044 1315 1177 1354 ducite

167 1378 233 1417 ubi
255 1380 508 1429 ponderosas,
531 1392 679 1418 crassas
700 1379 828 1430 capiat
848 1379 1063 1430 compedis.

101 1453 140 1494 65
163 1443 256 1483 inde
276 1444 349 1483 ibis
370 1457 485 1495 porro
505 1444 545 1482 in
565 1444 745 1483 latomias
765 1444 982 1495 lapidarias.

164 1509 216 1547 ibi
239 1522 359 1560 quom
381 1509 446 1547 alii
466 1516 633 1548 octonos
654 1509 806 1559 lapides
827 1509 1042 1557 ecfodiunt,
1066 1509 1139 1549 nisi

164 1574 365 1614 cotidiano
386 1587 629 1625 sesqueopus
651 1574 880 1623 confeceris,
1520 1585 1584 1621 725

163 1643 173 1660 ‘
189 1641 497 1690 Sescentoplago
510 1641 518 1657 '
540 1653 687 1679 nomen
708 1639 865 1679 indetur
885 1639 965 1679 tibi.

165 1707 240 1744 AR.
273 1719 340 1756 per
360 1705 457 1744 deos
477 1712 596 1756 atque
616 1704 798 1744 homines
819 1718 893 1756 ego
912 1712 950 1744 te
971 1713 1155 1756 optestor,
1180 1706 1323 1757 Hegio,

103 1790 142 1821 70
163 1784 213 1809 ne
234 1779 274 1809 tu
296 1770 424 1810 istunc
444 1770 648 1809 hominem
670 1770 839 1821 perduis.
901 1772 980 1810 HE.
1013 1771 1238 1819 curabitur;

163 1850 253 1875 nam
276 1844 396 1875 noctu
416 1849 540 1875 neruo
560 1836 717 1875 uinctus
737 1836 1013 1886 custodibitur‚

162 1901 352 1940 interdius
373 1902 446 1940 sub
468 1909 567 1940 terra
587 1901 737 1951 lapides
759 1901 925 1940 eximet:
1515 1903 1586 1940 730

161 1967 229 2007 diu
251 1980 323 2017 ego
344 1967 450 2005 hunc
470 1966 666 2013 cruciabo,
691 1981 770 2005 non
793 1981 872 2006 uno
892 1969 1095 2018 apsoluam
1117 1968 1192 2008 die.

161 2034 239 2072 AR.
273 2040 477 2071 certumne
497 2039 555 2071 est
576 2032 645 2070 tibi
669 2032 797 2070 istuc?
855 2034 934 2071 HE.
968 2047 1047 2072 non
1070 2033 1199 2072 moriri
1220 2034 1372 2073 certius.

102 2112 140 2145 75
160 2099 346 2138 abducite
368 2099 484 2138 istum
505 2107 680 2137 actutum
702 2101 751 2138 ad
777 2098 1038 2149 Hippolytum
1060 2100 1223 2145 fabrum,

206 2212 266 2242 704
294 2203 342 2233 vel
367 2203 490 2234 notasti
634 2213 697 2241 709
721 2208 754 2233 tu
782 2201 857 2234 add.
887 2202 1026 2242 Pylades
1115 2203 1146 2233 id
1174 2202 1242 2233 arb.
1274 2202 1349 2234 fact.
1379 2203 1491 2234 Came-

164 2247 290 2277 rarius:
342 2246 417 2277 fact.
452 2247 483 2276 id
513 2246 584 2276 arb.
620 2245 756 2286 chper!
889 2256 950 2285 7¹5
977 2246 1025 2276 vel
1039 2246 1143 2286 opino
1275 2248 1340 2284 716
1361 2246 1492 2278 wliuic

164 2290 225 2328 718
260 2299 426 2329 nuperum
461 2290 632 2320 nouicinm
664 2288 752 2320 codd.
789 2288 891 2320 Nonii
925 2299 1010 2329 143:
1054 2299 1218 2329 nuperum
1253 2295 1286 2319 ct
1322 2291 1490 2320 noui‹·ium

165 2333 326 2363 l’n‘sa'am‘
345 2343 369 2372 1,
390 2334 433 2372 96
449 2344 454 2362 :
482 2343 588 2372 nuper
605 2338 638 2363 et
658 2343 731 2362 nou.
752 2332 816 2363 cod.
835 2337 870 2362 u!
886 2332 948 2364 vid.
1071 2343 1135 2371 720
1157 2332 1207 2363 vel
1221 2332 1288 2363 illic
1377 2343 1395 2363 a
1411 2332 1488 2364 add.

164 2376 300 2415 lsvlades
435 2386 493 2415 721
522 2377 617 2406 istam
634 2377 774 2414 gratiam
793 2375 851 2405 cod
876 2387 881 2405 :
907 2376 979 2406 lrai.
1001 2375 1136 2416 Pylades
1269 2386 1330 2416 725
1354 2377 1488 2407 cotidia-

164 2431 224 2450 nos
238 2420 305 2451 cod.
442 2428 500 2459 73¹
528 2430 592 2459 ego
610 2420 699 2450 hunc
713 2418 787 2450 Ital.
807 2430 814 2449 ε
840 2419 929 2449 hunc
947 2429 1010 2458 ego
1027 2419 1092 2450 cod.

1715 919 1727 1145 -m--ffl
