1727 2712
696 107 1023 148 BACCHIDES
1452 108 1522 144 IV.
1548 107 1593 144 iv

190 234 241 260 ne
261 233 464 272 quoquam
484 221 708 273 exsurgatis,
731 222 861 260 donec
881 234 903 259 a
923 235 987 259 me
1007 221 1079 259 erit
1099 220 1254 271 signum
1276 221 1423 259 datum.

193 288 251 325 Pl.
284 301 308 325 o
329 286 605 336 imperatorem
626 286 794 337 probum
812 288 818 324 !
877 286 955 325 CH.
987 285 1065 323 iam
1086 285 1146 324 bis
1172 285 1318 323 bibisse
1339 284 1522 335 oportuit.

106 354 175 397 760
194 353 281 390 MN.
313 351 632 402 fugimus—CH.
664 365 736 391 uos
765 359 942 390 uostrum
971 359 1104 390 curate
1134 350 1317 397 officium,
1345 364 1417 400 ego
1438 351 1525 388 ecfi-

1257 415 1357 454 ciam
1378 429 1524 454 meum.

690 527 1027 567 CHRvsALvs
1545 536 1574 561 v

192 609 269 649 CH.
304 610 495 648 Insanum
516 622 703 660 magnum
724 608 865 647 molior
885 607 1098 658 negotium,

191 682 406 725 metuoque
426 682 469 713 ut
489 674 609 713 hodie
629 674 801 725 possiem
822 673 1027 712 emolirier.

191 741 261 778 sed
281 753 387 778 nunc
408 741 630 779 truculento
652 739 705 777 mi
725 746 844 789 atque
865 752 985 777 saeuo
1006 752 1099 776 usus
1121 746 1252 777 senest
1267 753 1278 786 3

190 817 283 842 nam
303 817 384 843 non
405 804 593 843 conducit
613 806 705 843 huic
726 803 1007 854 sycophantiae

104 876 170 922 765
191 882 326 907 senem
348 868 601 919 tranquillum
620 867 710 920 (mi)
728 882 814 907 esse
835 868 902 907 ubi
924 882 988 907 me
1006 868 1210 919 aspexerit.
1545 878 1563 910 5

190 934 361 972 uorsabo
381 947 455 983 ego
475 933 595 972 illunc
617 933 746 980 hodie,
770 933 802 971 si
823 933 928 980 uiuo,
951 934 1085 984 probe.

190 1005 269 1035 tarn
292 998 446 1036 frictum
468 1011 541 1047 ego
561 998 670 1036 illum
692 999 857 1037 reddam
878 1012 997 1049 quam
1018 998 1174 1037 frictum
1195 1007 1253 1037 est
1274 999 1386 1038 cicer.

188 1063 456 1101 adambulabo
476 1065 526 1102 ad
547 1063 704 1111 ostium,
727 1072 780 1110 ut,
803 1065 966 1114 quando
986 1072 1108 1111 exeat,

188 1130 386 1179 extemplo
406 1128 635 1168 aduenienti
657 1129 691 1167 ei
713 1129 876 1168 tabellas
898 1130 990 1168 dem
1011 1129 1051 1167 in
1073 1143 1245 1167 manum.

466 1240 792 1278 NICOBVLVS
904 1241 1244 1279 CHRYSALVS
1541 1242 1587 1278 vi

101 1331 170 1367 770
189 1323 255 1360 Νι.
289 1321 425 1360 Nimio
445 1321 558 1360 illaec
578 1335 638 1360 res
659 1330 717 1360 est
738 1335 903 1372 magnae
924 1322 1098 1360 diuidiae
1119 1322 1227 1370 mihi,

188 1388 466 1439 supterfugisse
487 1388 542 1427 sic
563 1388 659 1426 mihi
681 1388 800 1427 hodie
822 1389 1067 1439 Chrysalum.

188 1454 266 1492 CH.
298 1455 429 1492 saluos
449 1467 548 1501 sum,
572 1453 690 1492 iratus
713 1462 770 1492 est
791 1467 919 1493 senex.
980 1467 1086 1493 nunc
1107 1462 1165 1493 est
1186 1454 1282 1492 mihi

126 1529 128 1532 ’
186 1519 361 1558 adeundi
381 1520 432 1558 ad
451 1518 656 1558 hominem
679 1527 846 1570 tempus.
906 1521 972 1558 N1.
1005 1519 1092 1569 quis
1113 1520 1286 1570 loquitur
1305 1522 1458 1571 prope?

185 1592 304 1635 atque
324 1584 565 1635 hicquidem,
589 1584 741 1635 opinor,
765 1586 1005 1635 Chrysalust.
1066 1586 1144 1624 CH.
1175 1599 1389 1624 accessero.
1543 1601 1560 1631 5

98 1660 163 1696 775
187 1651 252 1688 N1.
286 1651 391 1689 bone
411 1663 534 1697 serue,
557 1652 675 1689 salue.
736 1650 832 1701 quid
853 1651 925 1688 fit?
954 1664 1073 1700 quam
1094 1663 1185 1689 mox
1206 1651 1349 1701 nauigo

185 1714 223 1752 in
247 1716 462 1765 Ephesum,
485 1722 527 1753 ut
547 1728 685 1753 aurum
707 1722 880 1765 repetam
902 1715 952 1753 ab
973 1714 1187 1753 Theotimo
1208 1717 1403 1754 domum?

184 1782 320 1819 taces?
349 1794 417 1831 per
437 1780 567 1819 omnis
588 1781 685 1819 deos
706 1780 844 1819 adiuro
865 1788 917 1827 ut,
943 1780 982 1818 ni
1004 1794 1137 1818 meum

183 1854 346 1896 gnatum
367 1853 447 1885 tam
468 1859 599 1885 amem
619 1853 739 1896 atque
759 1846 794 1885 ei
815 1847 917 1884 facta
938 1846 1093 1896 cupiam
1117 1859 1217 1896 quae
1238 1846 1269 1884 is
1290 1847 1394 1893 uelit,

97 1895 166 1976 {3732
184 1919 226 1949 ut
247 1918 313 1950 tua
333 1910 550 1962 iamuirgis
570 1913 690 1950 latera
710 1912 929 1950 lacerentur
950 1912 1073 1961 probe
1541 1926 1580 1947 10

183 1977 425 2027 ferratusque
446 1977 485 2015 in
506 1976 671 2028 pistrino
691 1984 860 2015 aetatem
882 1985 1073 2016 conteras.

183 2041 317 2080 omnia
336 2042 476 2081 resciui
498 2044 644 2080 scelera
664 2055 711 2080 ex
732 2042 986 2081 Mnesilocho
1006 2050 1083 2080 tua.

183 2107 260 2145 CH.
293 2120 383 2145 men
405 2107 679 2145 criminatust?
708 2115 932 2157 optumest:
962 2120 1036 2157 ego
1057 2120 1143 2146 sum
1165 2109 1301 2155 malus,

226 2211 289 2249 760
313 2210 458 2250 sugimus
482 2209 662 2240 Fritzsche:
688 2209 855 2249 fugiamus
880 2209 945 2242 cod.
1082 2213 1143 2250 765
1168 2212 1212 2241 mi
1239 2211 1314 2243 add.
1340 2211 1516 2243 Hermann

182 2263 246 2292 770
280 2253 427 2284 Nimium
454 2253 520 2284 Leo
545 2254 579 2292 (i.
609 2254 645 2291 3)
746 2264 887 2293 magnae
918 2254 1080 2287 Pylades:
1115 2265 1213 2285 mane
1239 2255 1301 2286 cod.
1456 2267 1515 2296 774

182 2297 233 2326 vel
245 2297 348 2337 opino
438 2297 603 2328 chrisalus
620 2296 685 2328 cod.
