1727 2712
605 105 963 144 MENAECHMI
1476 110 1592 138 PROL.

116 217 331 255 Tarentum
351 215 480 253 auexit
501 228 634 254 secum
655 216 706 254 ad
727 221 943 253 mercatum
963 212 1092 259 simul,

115 281 224 320 illurn
246 281 400 331 reliquit
420 283 583 320 alterum
605 283 712 331 apud
734 288 898 318 matrem
918 277 1040 318 domi.

115 348 275 387 Tarenti
295 348 402 387 ludei
422 350 521 388 forte
541 357 650 387 erant
671 362 793 399 quom
815 347 906 385 illuc
926 346 1046 385 uenit,

51 428 99 463 30
115 415 298 452 mortales
320 413 443 460 multi,
466 421 508 452 ut
529 414 580 452 ad
600 415 727 460 ludos,
750 418 1043 451 conuenerant:
1467 422 1511 453 3ο

114 492 211 528 puer
229 478 423 517 aberrauit
444 479 544 517 inter
563 478 745 518 homines
765 492 788 516 a
808 485 927 528 patre.

117 542 436 594 Epidamniensis
458 543 621 594 quidam
642 543 696 582 ibi
717 550 911 582 mercator
931 541 1014 589 fuit,

114 607 146 646 is
166 622 331 659 puerum
352 608 451 647 tollit
471 608 685 659 auehitque
707 607 1001 658 Epidamnium.

114 681 222 724 pater
241 673 324 712 eius
344 681 476 712 autem
498 681 707 724 postquam
729 687 894 724 puerum
915 671 1100 723 perdidit,

51 747 92 782 35
112 738 289 776 animum
310 738 524 789 despondit
544 753 669 789 eaque
689 737 720 776 is
740 737 984 788 aegritudine
1469 751 1508 784 35

113 803 247 853 paucis
268 803 408 842 diebus
429 812 518 854 post
540 804 701 842 Tarenti
722 811 949 843 emortuost.

111 876 323 919 postquam
344 871 554 918 Syracusas
576 871 626 908 de
647 884 694 908 ea
713 883 752 908 re
773 869 886 908 rediit
907 868 1068 907 nuntius

111 934 163 972 ad
182 947 300 972 auom
321 948 544 985 puerorum,
566 948 731 985 puerum
753 942 976 984 surruptum
996 935 1162 972 alterum

112 1006 343 1050 patremque
364 999 473 1050 pueri
495 1000 656 1038 Tarenti
683 1000 687 1051 Ι
714 1013 798 1039 esse
819 1006 1053 1046 emortuom,

47 1077 94 1112 40
112 1062 294 1103 immutat
313 1079 460 1104 nomen
481 1079 577 1104 auos
598 1067 690 1104 hui'c
709 1064 868 1115 gemino
888 1063 996 1102 alteri
1012 1078 1022 1112 ;
1464 1077 1507 1108 40

111 1127 164 1167 ita
183 1128 293 1167 illum
314 1130 447 1169 dilexit
468 1130 536 1180 qui
557 1137 776 1180 surruptust
795 1130 984 1167 alterum:

111 1192 212 1232 illius
233 1208 380 1234 nomen
401 1194 501 1234 indit
522 1195 576 1233 illi
597 1195 664 1245 qui
684 1194 793 1234 dorni
814 1202 883 1241 est,

112 1259 389 1306 Menaechmo,
412 1259 520 1299 idem
541 1261 649 1310 quod
669 1259 779 1298 alteri
800 1273 946 1298 nomen
967 1258 1064 1308 fuit3

110 1332 148 1362 et
169 1324 275 1374 ipsus
296 1326 439 1364 eodem
460 1332 518 1364 est
538 1327 626 1364 auo'
646 1333 810 1363 uocatus
831 1324 992 1364 nomine

48 1400 89 1437 45
112 1388 335 1439 (propterea
356 1389 457 1428 illius
478 1404 625 1429 nomen
648 1390 810 1428 memini
830 1389 993 1437 facilius,
1465 1404 1509 1438 45

112 1454 204 1504 quia
224 1454 333 1493 illum
354 1457 526 1495 clamore
546 1455 629 1494 uidi
649 1455 882 1507 flagstarier).

112 1533 161 1558 ne
182 1534 274 1559 mox
293 1521 437 1568 erretis,
460 1521 538 1559 iam
559 1535 666 1559 nunc
686 1521 872 1571 praedico
893 1520 1022 1571 prius:

111 1583 218 1624 idem
238 1594 297 1625 est
316 1587 513 1626 ambobus
535 1601 682 1626 nomen
703 1586 869 1637 geminis
890 1586 1082 1625 fratribus.

111 1664 217 1690 nunc
238 1651 277 1690 in
299 1652 569 1702 Epidamnum
591 1652 760 1703 pedibus
781 1653 1028 1691 redeundum
1049 1659 1108 1691 est
1128 1650 1237 1700 mihi,

49 1727 94 1764 50
111 1723 153 1754 ut
173 1717 276 1756 hanc
296 1732 377 1756 rem
394 1719 509 1757 uobis
530 1717 767 1757 examussim
789 1717 998 1768 disputem.
1468 1732 1509 1765 50

111 1780 143 1819 si
163 1782 250 1831 quis
271 1783 367 1833 quid
387 1793 561 1822 uestrum
586 1784 855 1834 Epidamnum
876 1782 1000 1821 curari
1021 1781 1095 1821 sibi

109 1846 215 1894 uelit,
237 1849 424 1888 audacter
444 1849 636 1900 imperato
657 1857 695 1887 et
716 1848 849 1895 dicito,

109 1913 180 1950 sed
201 1912 254 1951 ita
273 1921 315 1952 ut
335 1915 402 1953 det
423 1916 530 1953 unde
551 1914 675 1953 curari
697 1913 737 1952 id
758 1913 880 1964 possit
902 1912 986 1952 sibi.

110 1995 201 2021 narn
222 1982 297 2021 nisi
317 1983 384 2034 qui
403 1992 608 2035 argentum
630 1985 793 2032 dederit,
817 1998 939 2035 nugas
960 1991 1079 2034 egent
1093 1998 1104 2033 ,-

48 2058 88 2096 55
110 2047 178 2098 qui
198 2049 361 2097 dederit,
385 2050 498 2100 magi'
519 2050 686 2088 maiores
708 2064 831 2100 nugas
852 2050 982 2100 egerit.
1465 2066 1505 2098 55

156 2163 195 2192 31
223 2154 312 2185 inter
327 2154 481 2185 homines
499 2155 669 2185 aberrauit
680 2153 767 2185 cod.:
784 2155 854 2186 trai.
872 2154 1045 2185 Aa‘dalius
1154 2163 1196 2193 33
1221 2153 1443 2193 Epidamnum

110 2209 186 2229 eum
204 2197 341 2238 Seyffert
472 2208 512 2238 35
538 2209 578 2229 ea
594 2199 670 2237 quis
689 2197 758 2228 cod.
844 2203 920 2238 post
943 2200 987 2237 36
1008 2199 1145 2229 inseruit
1166 2196 1294 2228 Schoell
1312 2208 1444 2228 versum

109 2252 206 2281 quem
218 2240 409 2282 Fulgentius
426 2252 459 2282 p.
478 2251 543 2281 559
560 2241 606 2271 ad
624 2241 789 2272 ‘Plautum
810 2243 842 2272 in
864 2241 1095 2273 Menaechmis
1116 2241 1310 2272 comoedia'
1330 2241 1444 2281 reffert:

109 2286 193 2316 sicut
211 2284 390 2325 pollinctor
403 2286 497 2325 dixit,
517 2286 572 2324 qui
591 2295 667 2316 eum
685 2286 891 2325 pollinxerat
909 2287 958 2326 (cs.
980 2285 1079 2317 Poen.
1091 2285 1174 2325 prol.
1192 2285 1251 2324 63)
1402 2294 1445 2323 39

107 2339 153 2358 an
171 2329 274 2359 fuisse
288 2331 298 2360 ’.ἱ
342 2329 412 2360 Sed
425 2329 563 2359 Tarenti
580 2333 766 2369 suspectum
783 2330 830 2369 (v.
852 2340 863 2359 1
878 2339 882 2347 ¹
1029 2340 1067 2368 41
1093 2330 1147 2360 vel
1159 2329 1260 2359 illunc
1402 2338 1441 2366 5¹

108 2371 287 2411 Epidamni
304 2371 378 2403 Ital.
537 2382 579 2412 54
604 2373 658 2412 qui
676 2372 880 2403 Beroaldus:
905 2373 961 2412 qui
981 2373 1080 2414 [non]
1100 2372 1162 2403 cod.
1320 2380 1362 2411 55
1387 2371 1443 2411 qui

107 2415 266 2454 Pylades:
293 2417 388 2458 [nam
407 2416 487 2457 nisi]
505 2417 561 2456 qui
578 2416 644 2447 cod.
665 2418 719 2457 (ex
733 2427 761 2448 v.
781 2426 842 2456 54;
868 2417 910 2447 iv.
929 2418 963 2457 3)
1055 2416 1105 2447 vel
1118 2425 1216 2455 mage
