1727 2712
655 142 1004 182 AMPHITRVO
1421 143 1489 180 IV.
1513 143 1527 178 i

160 266 251 292 nam
272 253 401 292 omnis
422 254 570 303 plateas
591 252 824 304 perreptaui,
846 252 1047 302 gymnasia
1067 260 1105 291 et
1127 252 1366 303 myropolia;

158 319 264 369 apud
285 318 504 368 emporium
525 326 644 368 atque
664 317 705 356 in
727 319 903 364 macello,
923 319 962 356 in
984 319 1174 367 palaestra
1194 325 1312 367 atque
1334 317 1373 354 in
1394 318 1490 365 foro,

158 383 198 421 in
219 383 436 430 medicinis,
460 383 499 421 in
521 383 706 430 tostrinis,
728 384 835 433 apud
856 382 985 421 omnis
1006 382 1113 422 aedis
1136 395 1263 421 sacras
1512 401 1529 431 5

157 462 244 486 sum
265 449 441 487 defessus
462 448 722 498 quaeritando
739 464 745 486 :
775 461 970 498 nusquam
991 448 1153 486 inuenio
1174 449 1424 486 Naucratem.

48 522 134 559 1015
157 526 263 551 nunc
279 514 443 552 domurn
465 513 532 552 ibo
548 521 667 563 atque
683 527 729 552 ex
746 526 865 551 uxore
885 514 988 550 hanc
1005 526 1085 551 rem
1102 526 1259 562 pergam
1278 512 1489 562 exquirere,

156 578 243 627 quis
264 578 378 616 fuerit
399 591 518 628 quem
540 587 699 629 propter
720 591 862 629 corpus
884 591 996 617 suom
1019 577 1139 628 stupri
1162 578 1430 627 compleuerit.

156 656 247 681 narn
269 656 332 681 me
353 657 472 693 quarn
494 643 600 682 illam
623 643 896 693 quaestionem
918 643 1144 693 inquisitam
1166 642 1287 680 hodie
1306 642 1485 681 amittere

156 715 354 747 mortuom
375 708 523 747 satiust.
584 709 654 747 sed
674 708 783 746 aedis
805 709 1064 746 occluserunt.
1125 720 1309 757 eugepae,
1515 724 1553 745 10

156 773 298 823 pariter
317 774 394 811 hoc
415 774 457 811 fit
477 782 596 823 atque
618 782 659 812 ut
679 774 754 811 alia
775 774 878 811 facta
898 780 997 811 sunt.
1058 773 1192 811 feriam
1214 774 1326 812 fores.

47 846 137 872 1020
154 838 301 888 aperite
318 840 404 877 hoc.
458 840 566 886 heus,
586 839 721 889 ecquis
737 838 801 877 hic
818 839 905 877 est?
935 838 1070 888 ecquis
1086 839 1162 876 hoc
1178 838 1301 888 aperit
1318 838 1491 876 ostium?

425 951 765 988 MERCVR1vs
875 951 1223 987 AMPH1TRvo
1509 951 1538 988 ii

154 1034 236 1070 ΜΕ.
271 1032 370 1082 Quis
399 1034 450 1071 ad
480 1034 581 1072 fores
612 1034 699 1071 est?
766 1034 848 1070 AM.
882 1045 955 1082 ego
982 1045 1080 1070 sum.
1153 1033 1236 1070 ΜΕ.
1269 1032 1366 1082 quid
1396 1037 1490 1082 ‘ego

505 1099 644 1136 sum'?
702 1100 782 1135 AM.
817 1097 870 1135 ita
890 1098 1040 1146 loquor.
1103 1098 1187 1134 ME.
1219 1097 1289 1135 tibi
1313 1097 1490 1148 Iuppiter

151 1163 272 1213 dique
293 1176 432 1201 omnes
453 1162 538 1200 irati
559 1170 667 1201 certo
688 1170 779 1200 sunt
800 1162 866 1212 qui
888 1161 943 1200 sic
964 1163 1118 1212 frangas
1139 1163 1252 1200 fores.

152 1230 233 1265 AM.
267 1241 347 1277 quo
368 1228 519 1265 modo?
577 1229 660 1265 ME.
694 1240 742 1265 eo
763 1228 896 1274 modo,
921 1235 962 1264 ut
983 1228 1160 1276 profecto
1181 1227 1292 1265 uiuas
1319 1236 1487 1266 aetatem

1359 1306 1484 1331 miser.

151 1360 232 1396 AM.
265 1357 386 1396 Sosia.
461 1358 544 1395 ME.
582 1356 658 1395 ita:
700 1370 787 1394 sum
823 1356 945 1403 Sosia,
980 1356 1053 1394 nisi
1093 1370 1156 1395 me
1196 1370 1280 1395 esse
1319 1358 1486 1396 oblitum

1262 1422 1484 1461 existumas.

42 1499 128 1537 1025
150 1488 245 1537 quid
275 1501 382 1525 nunc
411 1487 500 1525 uis?
555 1489 638 1525 ΑΜ.
671 1488 846 1534 sceleste,
869 1494 909 1525 at
939 1487 1056 1525 etiarn
1087 1487 1184 1537 quid
1213 1487 1344 1534 uelim,
1372 1488 1413 1526 id
1444 1496 1485 1526 tu
1505 1498 1523 1529 5

1263 1567 1325 1591 me
1345 1555 1487 1603 rogas?

150 1619 232 1655 ME.
265 1618 329 1664 ita,
352 1631 456 1668 rogo.
517 1631 643 1667 paene
664 1617 868 1668 ecfregisffi,
892 1618 1008 1664 fatue,
1033 1618 1182 1656 foribus
1203 1618 1392 1656 cardines.

147 1695 197 1720 an
218 1684 319 1721 fores
340 1683 531 1722 censebas
551 1682 666 1721 nobis
687 1682 901 1733 publicitus
921 1683 1172 1732 praeberier?

147 1747 244 1798 quid
265 1762 329 1786 me
354 1757 544 1799 aspectas,
568 1748 740 1787 stolide?
769 1748 866 1798 quid
892 1761 999 1786 nunc
1020 1748 1078 1786 uis
1106 1748 1207 1786 tibi?
1235 1757 1302 1787 aut
1328 1749 1416 1798 quis
1442 1756 1484 1787 tu

1272 1828 1312 1852 es
1333 1816 1485 1853 homo?

146 1880 229 1916 AM.
266 1880 443 1926 uerbero,
485 1879 602 1918 etiam
643 1878 730 1929 quis
769 1892 842 1928 ego
882 1879 954 1916 sim
993 1892 1058 1917 me
1095 1879 1249 1929 rogitas,
1287 1882 1482 1918 ulmorum

1222 1946 1454 1983 Accheruns
1467 1947 1484 1984 ?

39 2018 130 2055 1030
147 2021 266 2058 quern
287 2011 353 2059 pol
374 2022 448 2059 ego
468 2010 588 2047 hodie
608 2010 660 2047 ob
678 2009 798 2047 istaec
819 2009 924 2047 dicta
945 2009 1085 2048 faciam
1102 2011 1319 2048 feruentem
1341 2011 1479 2060 flagris.
1506 2026 1543 2048 10

148 2075 231 2112 ΜΕ.
263 2075 471 2126 prodigum
492 2084 530 2113 te
552 2076 670 2113 fuisse
691 2083 845 2125 oportet
866 2075 959 2113 olim
982 2075 1020 2113 in
1041 2075 1319 2114 adulescentia.

144 2141 228 2177 AM.
260 2139 456 2189 quidum?
525 2142 609 2178 ME.
642 2140 733 2190 quia
765 2148 925 2178 senecta
958 2149 1085 2178 aetate
1119 2141 1142 2177 a
1180 2154 1243 2178 me
1277 2141 1480 2179 mendicas

1317 2208 1475 2244 malum.

145 2269 226 2306 ΑΜ.
258 2281 349 2306 curn
371 2269 544 2307 cruciatu
566 2278 634 2307 tuo
656 2270 775 2308 istaec
797 2270 926 2316 hodie,
951 2283 1082 2316 uerna,
1106 2270 1226 2308 uerba
1246 2270 1429 2309 funditas.

584 2384 660 2412 1031
689 2374 954 2404 adulescentiam
970 2374 1037 2404 cod.
