1727 2702
130 110 181 147 11.
204 110 247 147 vi
624 115 670 151 T.
707 115 885 154 MACCI
918 115 1120 153 PLAVTI

201 222 270 261 CL.
304 235 371 273 per
392 223 456 272 pol
478 236 595 274 saepe
615 237 766 274 peccas.
828 225 896 262 Lv.
930 224 983 264 ita
1003 226 1055 272 fit,
1079 224 1145 264 ubi
1166 225 1262 276 quid
1284 232 1393 264 tanto
1413 240 1531 277 opere
1550 241 1620 278 370

1359 299 1527 342 expetas.

197 352 266 391 sed
297 359 334 391 te
364 360 528 404 uterque
557 360 625 392 tuo
647 366 717 405 pro
747 353 838 401 iure,
871 367 944 405 ego
972 362 1091 405 atque
1126 354 1199 402 hic,
1231 368 1398 394 oramus.
1459 357 1528 397 CL.

1328 420 1424 471 quid
1445 423 1533 460 est?

139 495 178 518 20
199 483 268 520 Lv.
301 482 431 522 dicam
461 483 578 531 enim,
606 497 694 523 mea
724 486 872 524 mulsa:
903 485 954 524 de
983 484 1079 524 istac
1105 485 1249 526 Casina
1279 485 1370 524 huic
1398 494 1533 525 nostro

1414 550 1532 590 uilico

195 612 357 663 gratiam
380 613 508 652 facias.
569 615 642 654 CL.
672 622 711 652 at
732 615 797 665 pol
819 628 892 665 ego
914 628 1043 665 neque
1064 615 1165 654 facio
1187 629 1315 665 neque
1337 629 1491 655 censeo.

197 678 266 716 Lv.
299 685 382 716 tum
418 678 532 729 igitur
561 692 634 729 ego
664 679 777 717 sortis
808 679 1005 730 utrimque
1040 679 1116 718 iam
1145 678 1383 732 <diribeam).
1457 681 1526 720 CL.

1283 745 1370 795 quis
1392 747 1530 784 uotat?

196 808 265 845 Lv.
298 815 508 858 optumum
528 815 647 858 atque
668 808 965 859 aequissumum
987 808 1086 847 istuc
1107 822 1192 848 esse
1213 809 1294 848 iure
1316 809 1458 848 iudico.
1549 818 1613 855 375

195 880 404 922 postremo,
427 871 494 924 (si)
513 872 605 912 illuc
626 875 735 923 quod
757 875 941 913 uolumus
962 873 1128 920 eueniet,
1152 873 1412 924 gaudebimus
1427 889 1438 922 3

137 952 174 984 ²5
194 937 253 976 sin
274 951 398 986 secus,
421 937 615 989 patiemur
635 938 776 977 animis
797 939 943 989 aequis.
1004 947 1093 978 tene
1116 947 1259 978 sortem
1282 939 1363 977 tibi.

194 1003 286 1043 uide
319 1004 416 1054 quid
445 1003 681 1055 scriptumst.
754 1005 826 1044 OL.
861 1017 995 1043 unum.
1066 1006 1143 1044 CH.
1177 1004 1402 1055 iniquomst‚
1435 1004 1528 1055 quia

988 1069 1049 1108 isti
1071 1069 1175 1120 prius
1197 1083 1315 1120 quam
1338 1069 1432 1107 mihi
1453 1077 1522 1108 est.

194 1135 263 1172 Lv.
299 1134 435 1185 accipe
470 1136 572 1174 hanc
610 1134 672 1174 sis.
738 1136 815 1175 CH.
853 1136 964 1174 cedo.
1008 1149 1135 1182 mane,
1176 1148 1298 1173 unum
1338 1134 1446 1174 uenit
1485 1134 1525 1173 in

1183 1207 1355 1238 mentem
1378 1200 1523 1238 modo:

192 1264 283 1304 uide
304 1278 353 1302 ne
375 1277 475 1314 quae
497 1264 573 1303 illic
595 1264 685 1303 insit
705 1264 780 1303 alia
801 1264 914 1303 sortis
935 1265 1008 1304 sub
1027 1278 1139 1315 aqua.
1201 1266 1270 1302 Lv.
1303 1264 1479 1311 uerbero,
1541 1269 1611 1313 380

192 1343 282 1368 men
305 1337 342 1368 te
362 1342 500 1368 censes
520 1331 635 1368 esse?
693 1331 762 1370 CL.
796 1331 902 1368 nulla
923 1337 991 1368 est.
1024 1330 1126 1368 habe
1147 1329 1324 1380 quietum
1344 1329 1522 1367 animum

1389 1395 1521 1433 modo.

132 1477 172 1509 30
192 1461 269 1501 CH.
302 1460 411 1510 quod
432 1459 582 1499 bonum
604 1467 722 1510 atque
745 1461 983 1498 fortunatum
1006 1459 1053 1498 sit
1080 1459 1304 1499 mihi—Ol„
1338 1472 1524 1509 magnum

1376 1526 1523 1563 malum

190 1590 259 1629 tibi
281 1590 442 1641 quidem
464 1591 607 1640 edepol
628 1591 747 1629 credo
768 1589 949 1636 eueniet3
980 1589 1072 1628 noui
1096 1589 1280 1639 pietatem
1304 1596 1422 1627 tuam.

189 1657 258 1695 sed
282 1657 494 1695 manedum
513 1671 519 1693 :
549 1669 643 1694 num
662 1655 734 1694 ista
750 1663 816 1693 aut
833 1657 1008 1706 populna
1024 1668 1106 1693 sors
1122 1662 1188 1694 aut
1203 1654 1406 1705 abiegnast
1428 1656 1524 1693 tua?

190 1722 267 1760 CH.
300 1720 395 1771 quid
425 1728 465 1759 tu
494 1720 534 1759 id
559 1721 700 1759 curas?
757 1721 830 1759 OL.
862 1719 954 1770 quia
981 1719 1087 1759 enim
1116 1727 1249 1758 metuo
1279 1719 1328 1757 ne
1357 1719 1395 1757 in
1419 1731 1521 1768 aqua
1541 1725 1606 1768 385

1226 1797 1380 1823 summa
1400 1790 1517 1822 natet.

191 1852 260 1889 Lv.
284 1852 423 1901 eugae!
449 1864 556 1890 caue.
589 1849 759 1890 conicite
775 1849 888 1889 sortis
905 1849 1088 1888 nunciam
1105 1850 1225 1888 ambo
1241 1850 1329 1888 huc.
1361 1851 1520 1888 eccere!

128 1931 168 1963 35
190 1929 295 1963 uxor,
326 1928 462 1966 aequa.
524 1916 597 1955 OL.
630 1915 709 1954 noli
742 1915 849 1954 uxori
880 1916 1048 1954 credere.
1110 1916 1179 1953 Lv.
1212 1914 1314 1953 habe
1343 1913 1518 1952 animum

1356 1979 1518 2017 bonurn.

230 2094 288 2124 37¹
315 2089 417 2123 atquc
435 2093 500 2123 ego
517 2082 580 2115 cod.
598 2094 604 2113 ε
631 2083 702 2113 trai.
723 2082 934 2114 Camerarius
1046 2093 1110 2123 373
1133 2082 1183 2114 vel
1198 2092 1258 2113 nec
1369 2092 1430 2122 374
1456 2082 1516 2114 dir.

187 2127 262 2159 add.
275 2127 401 2159 Sclmcll
420 2128 465 2157 =iii
496 2137 529 2157 1¹
542 2134 548 2147 ἰ
640 2128 704 2166 376
725 2127 751 2157 si
770 2125 844 2158 add.
861 2127 1072 2158 Camerarius
1159 2127 1222 2165 378
1243 2126 1292 2157 vel
1307 2126 1380 2156 istic
1448 2124 1517 2164 est]

187 2172 282 2203 dedit
302 2170 375 2210 Leo,
388 2171 543 2210 cuiprius
554 2170 694 2210 displice!
743 2180 773 2209 p.
791 2175 951 2209 estquam
963 2180 1004 2201 m.
1018 2169 1259 2201 Sonnenscltem
1348 2170 1413 2207 380
1435 2168 1518 2200 alias

188 2217 256 2246 oris
269 2216 349 2245 (alia
366 2224 439 2245 sors
462 2213 522 2254 3³)
539 2212 604 2244 cod.
621 2214 656 2254 (i.
678 2214 722 2252 7).
775 2213 923 2244 Testatur
936 2213 1039 2244 sortis
1056 2212 1244 2243 Priscianus
1259 2222 1286 2249 ι,
1300 2222 1364 2251 320
1452 2213 1518 2251 382

187 2259 276 2298 quod
291 2258 520 2288 Camerarius:
536 2256 618 2296 quid
629 2256 694 2287 cod.
770 2256 976 2287 fortunatum
991 2257 1117 2297 [tuum]
1132 2256 1174 2286 sit
1185 2255 1250 2286 cod.
1264 2267 1269 2286 :
1289 2267 1366 2287 corr.
1385 2254 1518 2286 Guictus

187 2302 248 2341 384
276 2311 372 2332 mane
390 2300 582 2331 Pm'scianus
595 2310 607 2330 1
618 2325 625 2338 ‚
639 2301 681 2338 76
695 2311 701 2331 :
722 2309 763 2330 ne
776 2299 841 2331 cod.
934 2300 1038 2331 istaec
1054 2298 1141 2330 codd.
1162 2298 1328 2330 Prisn'ani
1455 2299 1518 2339 386

191 2345 329 2385 Naugac
347 2344 460 2384 (Auge
479 2343 570 2385 PBD)
589 2342 715 2375 Schoell
792 2343 875 2382 sort.
892 2347 966 2374 cate
1070 2343 1188 2374 amabo
1205 2341 1269 2374 cod.
1292 2343 1344 2383 (cs
1362 2353 1390 2373 v.
1413 2342 1492 2382 393)
