1727 2712
676 169 1000 209 BACCHIDES
1472 170 1502 205 I.
1521 169 1536 205 i

176 293 339 330 sequere
372 280 457 317 hac.
529 281 587 317 ΡΙ.
619 278 717 329 quid
750 286 871 329 agunt
905 279 1009 317 duae
1042 292 1250 328 germanae
1285 277 1507 317 meretrices
1529 290 1545 320 5

1222 342 1509 392 cognomines?

110 428 158 462 40
176 410 272 460 quid
311 409 350 448 in
390 408 556 448 consilio
589 407 872 448 consuluistis?
944 410 1014 446 ΒΑ.
1048 408 1160 447 bene.
1235 410 1294 445 Px.
1326 409 1392 458 pol
1431 408 1509 446 hau

1197 472 1506 512 meretriciumst.

176 542 247 579 BA.
281 540 459 579 miserius
489 539 586 578 nihil
615 547 674 579 est
703 552 823 589 quam
860 538 1009 577 mulier.
1070 540 1129 576 ΡΙ.
1161 540 1258 589 quid
1293 552 1378 577 esse
1411 538 1510 577 dicis

1325 603 1511 654 dignius?

175 673 247 710 ΒΑ.
280 672 377 710 haec
405 670 458 709 ita
487 684 550 710 me
577 678 661 709 orat
685 669 760 709 sibi
784 669 852 721 qui
880 678 1019 709 caueat
1045 669 1216 721 aliquem
1243 677 1285 708 ut
1306 669 1510 708 hominem

1305 734 1506 784 reperiam,

174 810 217 840 ut
250 801 379 840 istunc
413 801 687 849 militem—ut,
724 801 793 841 ubi
827 800 1034 840 emeritum
1068 800 1142 839 sibi
1177 800 1235 847 sit,
1273 814 1314 839 se
1349 801 1509 838 reuehat

1329 867 1506 904 domum.

175 931 226 979 id,
248 932 393 972 amabo
414 940 462 979 te,
485 932 578 971 huic
598 945 751 971 caueas.
812 934 870 970 P1.
903 932 1000 982 quid
1025 931 1087 970 isti
1112 933 1305 971 caueam?
1364 934 1435 970 BA.
1467 938 1509 969 ut
1532 943 1570 966 10

1103 998 1311 1037 reuehatur
1330 998 1507 1044 domum,

112 1076 154 1112 45
176 1063 243 1101 ubi
263 1063 299 1102 ei
320 1063 516 1102 dediderit
536 1077 685 1114 operas,
708 1077 758 1102 ne
779 1065 882 1102 hanc
903 1063 967 1102 ille
988 1063 1132 1102 habeat
1159 1076 1229 1113 pro
1249 1062 1391 1101 ancilla
1411 1062 1485 1101 sibi
1501 1077 1511 1110 3
1554 1084 1567 1094 ,-

176 1142 268 1166 nam
289 1128 320 1167 si
341 1129 439 1167 haec
459 1129 604 1167 habeat
619 1142 757 1166 aurum
774 1130 883 1179 quod
905 1129 958 1167 illi
975 1136 1206 1175 renumeret,
1225 1128 1340 1167 faciat
1356 1128 1507 1167 lubens.

177 1194 235 1230 Pl.
268 1192 336 1232 ubi
363 1206 469 1232 nunc
496 1193 527 1232 is
555 1194 743 1232 homost?
801 1195 871 1232 BA.
904 1193 982 1232 iam
1010 1194 1073 1232 hic
1101 1194 1220 1232 credo
1245 1193 1380 1233 aderit.
1441 1195 1511 1241 sed

925 1260 1001 1297 hoc
1022 1259 1128 1298 idem
1148 1260 1254 1309 apud
1275 1272 1348 1298 nos
1369 1259 1511 1298 rectius

177 1323 322 1373 poteris
342 1337 456 1374 agere
470 1339 483 1372 3
510 1331 629 1374 atque
650 1323 682 1362 is
702 1325 798 1363 dum
820 1322 1116 1383 ueniat'sedens
1137 1324 1191 1363 ibi
1212 1324 1454 1375 opperibere.

176 1389 317 1427 eadem
339 1389 496 1443 biberi&
519 1390 660 1428 eadem
680 1391 829 1429 dedero
850 1389 920 1428 tibi
942 1389 1009 1428 ubi
1030 1389 1175 1428 biberis
1196 1389 1360 1428 sauium.
1397 1423 1424 1429 ,,
1535 1405 1572 1437 15

115 1468 158 1504 50
177 1455 236 1492 Pi.
268 1453 400 1505 uiscus
429 1456 551 1493 meru'
581 1462 750 1493 nostrast
785 1455 985 1494 blanditia.
1051 1457 1122 1493 ΒΑ.
1155 1454 1251 1505 quid
1281 1454 1388 1493 iam?
1450 1457 1508 1493 P1.

354 1516 377 1524 ³
1072 1519 1165 1570 quia
1185 1520 1291 1559 enim
1312 1519 1508 1570 intellego,

176 1585 279 1623 duae
299 1598 423 1623 unum
444 1584 623 1635 expetitis
645 1585 885 1636 palumbem,
908 1586 1201 1635 perjrharundo
1221 1586 1302 1624 alas
1319 1585 1509 1624 uerberat.

177 1664 257 1689 non
278 1664 352 1701 ego
371 1650 472 1689 istuc
493 1650 644 1689 facinus
663 1650 769 1697 mihi,
789 1649 938 1697 mulier,
957 1650 1209 1689 conducibile
1229 1664 1315 1689 esse
1334 1651 1509 1689 arbitror.
1561 1702 1574 1703 ἶ

178 1719 249 1756 ΒΑ.
281 1718 360 1768 qui,
400 1717 573 1756 amabo?
640 1719 697 1755 P1.
731 1717 833 1768 quia,
872 1716 1049 1763 Bacchis,
1085 1717 1261 1754 Bacchas
1301 1724 1435 1755 metuo
1474 1723 1512 1755 et
1534 1702 1560 1709 V

1150 1781 1365 1820 bacchanal
1387 1789 1509 1820 tuom.

177 1849 249 1887 BA.
281 1848 379 1899 quid
402 1850 491 1887 est?
528 1847 625 1899 quid
653 1847 825 1887 metuis?
862 1861 913 1887 ne
937 1847 1009 1886 tibi
1036 1848 1160 1885 lectus
1186 1846 1375 1885 malitiam
1404 1848 1511 1897 apud
1535 1863 1573 1884 20

1237 1926 1300 1951 me
1321 1914 1512 1952 suadeat?

115 1993 155 2029 55
179 1981 236 2018 ΡΙ.
254 1980 376 2030 magis
389 1980 696 2033 inlectumtuom
709 1981 1135 2030 quamlectummttuo.
1160 1980 1311 2017 malatu
1325 1978 1507 2018 esbestia.

177 2059 269 2083 nam
290 2045 382 2084 huic
402 2045 519 2084 aetati
540 2059 620 2084 non
643 2045 842 2092 conducit,
866 2045 1014 2093 mulier,
1038 2045 1257 2084 latebrosus
1277 2046 1398 2083 locus.

178 2112 248 2149 ΒΑ.
281 2119 448 2162 egomet,
464 2112 571 2162 apud
588 2125 650 2150 me
667 2111 699 2150 si
714 2111 811 2162 quid
827 2113 944 2150 stulte
960 2113 1087 2150 facere
1101 2110 1246 2161 cupias,
1262 2109 1505 2160 prohibeam.

177 2177 247 2215 sed
263 2190 336 2227 ego
347 2168 458 2226 'apud
472 2190 535 2215 me
551 2184 589 2214 te
605 2190 690 2215 esse
703 2177 756 2215 ob
771 2190 858 2215 eam
872 2190 964 2223 rern,
981 2177 1092 2215 miles
1106 2190 1228 2227 quom
1243 2175 1385 2222 ueniat,
1401 2177 1505 2224 uolo,

176 2240 279 2291 quia,
311 2255 433 2292 quom
465 2249 507 2280 tu
538 2241 677 2289 aderis,
707 2240 800 2280 huic
834 2241 1011 2293 mihique
1044 2243 1123 2281 hau
1153 2241 1268 2280 faciet
1298 2241 1506 2292 quisquam
1531 2259 1568 2290 25

1302 2306 1506 2346 iniuriam:

220 2422 263 2450 40
286 2412 429 2443 concilio
453 2411 521 2443 cod.
656 2422 694 2450 41
723 2412 816 2443 dices
842 2411 908 2443 Leo
1040 2423 1082 2452 43
1106 2413 1214 2444 istoch
1239 2411 1304 2444 md.
1355 2413 1398 2444 ab
1423 2413 1507 2445 istoc

177 2455 281 2486 milite
297 2455 372 2487 Ital.
451 2466 487 2487 se
500 2454 659 2495 Pylades:
685 2466 745 2486 seu
764 2455 828 2487 cod.
933 2466 974 2496 45
999 2456 1184 2487 reddiderit
1202 2457 1243 2496 (23
1261 2455 1328 2487 Leo
1343 2468 1350 2488 ι
1374 2457 1506 2488 dederit

175 2498 248 2530 Ital.
339 2509 378 2538 51
405 2503 477 2540 peri
495 2500 572 2530 elisa
584 2499 642 2530 ult.
662 2500 767 2530 vocali
778 2503 963 2540 suspectum
979 2510 986 2530 ι
1010 2509 1117 2540 prope
1135 2499 1265 2531 Rz'tschl
