1727 2712
31 430 98 458 100

32 755 94 792 105

31 1085 98 1112 110

32 1538 95 1574 115

32 1861 100 1889 120

600 111 917 151 MERCATOR
1411 109 1443 146 I.
1462 107 1476 146 i

221 221 391 261 conficio
411 223 568 272 grande.
629 223 698 261 sed
719 223 815 261 dum
836 220 875 259 in
896 228 1011 271 portu
1031 219 1086 258 illi
1105 219 1279 264 ambulo,

222 288 366 337 hospes
388 301 451 326 me
472 286 633 337 quidam
654 286 854 336 adgnouit,
876 287 926 324 ad
948 299 1087 324 cenam
1108 292 1235 323 uocat.

222 352 352 399 uenio,
375 352 575 391 decumbo
595 359 780 402 acceptus
801 351 922 390 hilare
941 358 1060 401 atque
1079 349 1269 400 ampliter.

223 417 463 457 discubitum
485 424 606 456 noctu
627 425 669 456 ut
690 416 801 464 imus,
825 430 918 455 ecce
938 417 989 455 ad
1011 429 1073 454 me
1094 414 1257 454 aduenit

222 482 371 530 mulier,
394 497 473 534 qua
493 482 632 522 mulier
650 482 726 520 alia
745 483 889 520 nullast
909 480 1108 531 pulchrior
1122 495 1132 528 3
1469 492 1531 516 100

223 561 269 586 ea
288 556 406 587 nocte
428 561 585 587 mecum
606 547 671 585 illa
691 546 857 598 hospitis
877 546 985 585 iussu
1005 545 1087 584 fuit.

223 621 379 651 uosmet
400 613 532 652 uidete
553 626 672 663 quam
694 611 791 650 mihi
811 611 942 650 ualide
962 610 1152 661 placuerit
1171 626 1178 649 :

222 677 410 728 postridie
432 678 628 728 hospitem
649 679 762 724 adeo,
785 690 854 715 oro
875 684 917 714 ut
938 677 1086 715 uendat
1106 675 1216 724 mihi,

223 744 314 782 dico
335 743 418 782 eius
440 758 510 794 pro
531 743 678 782 meritis
697 750 850 794 gratum
872 755 934 780 me
955 749 993 780 et
1014 755 1177 780 munem
1198 742 1290 780 fore.

222 808 318 858 quid
340 808 470 847 uerbis
491 822 590 859 opus
612 810 702 846 est?
736 807 811 846 emi
839 806 843 858 Ι
870 814 988 856 atque
1008 805 1150 845 aduexi
1170 806 1264 845 heri.
1470 822 1529 856 105

222 887 309 911 eam
332 887 395 911 me
415 874 622 912 aduexisse
643 874 736 911 nolo
757 871 940 910 resciscat
961 878 1080 921 pater.

223 939 346 977 modo
367 952 453 977 earn
475 938 613 988 reliqui
633 940 683 976 ad
703 945 860 988 portum
881 937 921 974 in
942 936 1034 975 naui
1055 944 1093 975 et
1113 938 1322 976 seruolum.

223 1005 294 1043 sed
314 1004 410 1054 quid
431 1012 651 1043 currentem
674 1017 829 1042 seruom
850 1016 873 1041 a
892 1010 1007 1053 portu
1028 1001 1246 1053 conspicor,

223 1083 342 1121 quern
364 1070 456 1108 naui
475 1069 583 1109 abire
603 1068 746 1108 uotui?
793 1068 913 1107 timeo
934 1067 1030 1118 quid
1051 1067 1133 1106 siet.

427 1184 728 1220 ACANTHIO
839 1180 1138 1218 CHARvas
1465 1177 1495 1216 ii

116 1265 189 1301 AC.
222 1265 281 1302 Ex
302 1264 465 1302 summis
487 1263 629 1314 opibus
650 1262 878 1311 uiribusque
899 1274 1024 1310 usque
1045 1259 1233 1310 experire,
1252 1259 1375 1300 nitere

116 1343 204 1367 erus
224 1337 266 1367 ut
288 1329 415 1367 minor
436 1342 555 1378 opera
574 1336 641 1366 tua
662 1334 860 1366 seruetur:
890 1326 1071 1376 agedum,
1095 1325 1306 1373 Acanthio,

115 1393 229 1444 abige
249 1407 318 1445 aps
340 1401 378 1432 te
398 1392 682 1439 lassitudinem,
704 1405 802 1430 caue
822 1390 998 1441 pigritiae
1019 1389 1287 1440 praeuorteris.

115 1459 232 1498 simul
254 1459 383 1498 enicat
404 1458 608 1509 suspiritus
630 1457 713 1508 (uix
733 1458 876 1495 suffero
897 1457 1028 1494 hercle
1048 1455 1301 1506 anhelitum),

117 1525 233 1564 simul
253 1532 386 1564 autem
407 1524 534 1575 plenis
555 1522 703 1562 semitis
724 1521 791 1572 qui
811 1523 1026 1560 aduorsum
1047 1528 1141 1558 eunt
1158 1536 1164 1559 :
1199 1520 1391 1571 aspellito,
1468 1537 1485 1568 5

117 1591 294 1637 detrude,
318 1590 486 1629 deturba
506 1589 545 1627 in
567 1588 683 1626 uiam.
743 1588 842 1625 haec
862 1585 1072 1636 disciplina
1091 1585 1155 1623 hic
1176 1592 1420 1636 pessumast:

170 1656 352 1703 currenti,
368 1654 594 1706 properanti
608 1656 686 1692 hau
701 1653 910 1703 quisquam
928 1651 1092 1701 dignum
1108 1651 1229 1689 habet
1242 1652 1445 1689 decedere.

117 1721 171 1759 ita
190 1729 266 1760 tres
287 1721 420 1760 simitu
441 1734 501 1760 res
521 1721 698 1770 agendae
719 1726 820 1765 sunt,
844 1718 1006 1768 quando
1026 1730 1147 1754 unam
1168 1715 1367 1766 occeperis
1386 1732 1393 1755 :

118 1794 157 1825 et
172 1787 410 1826 currendum
427 1794 465 1825 et
481 1786 740 1836 pugnandum
759 1792 796 1822 et
813 1790 945 1822 autem
963 1782 1211 1832 iurigandum
1232 1788 1291 1820 est
1311 1781 1350 1819 in
1372 1781 1446 1819 uia.

118 1853 197 1892 CH.
229 1851 326 1902 quid
347 1851 440 1890 illuc
460 1859 519 1890 est
540 1851 649 1901 quod
669 1850 733 1888 ille
754 1857 835 1887 tam
856 1846 1039 1898 expedite
1063 1846 1229 1896 exquirit
1249 1859 1448 1885 cursuram
1473 1862 1512 1885 10

1345 1910 1450 1950 sibi?

118 1990 271 2022 curaest
291 1981 424 2033 negoti
444 1981 541 2033 quid
562 1981 610 2020 sit
629 1988 697 2019 aut
717 1979 814 2030 quid
835 1977 999 2016 nuntiet.
1059 1979 1132 2015 Ac.
1165 1966 1288 2026 nugas
1307 1988 1393 2026 ago.

119 2061 238 2098 quam
259 2047 405 2096 restito,
428 2055 508 2086 tam
530 2060 714 2085 maxume
734 2058 794 2083 res
815 2044 855 2082 in
876 2042 1024 2092 periclo
1045 2041 1220 2080 uortitur.

166 2145 222 2165 101
250 2134 390 2165 muliere
414 2133 562 2175 Scaliger
707 2142 767 2162 102
793 2129 840 2161 illi
866 2127 899 2159 B
1044 2138 1104 2167 105
1130 2127 1247 2158 dicens
1280 2137 1339 2166 pro
1360 2125 1449 2159 codd.

117 2177 223 2209 Nonii
247 2187 304 2217 137
324 2177 507 2218 (neglegens
532 2177 674 2216 a'tatio2)
868 2173 929 2203 106
953 2172 1018 2203 emi
1045 2171 1153 2202 Pius:
1188 2171 1231 2200 mi
1257 2170 1348 2201 cod.:
1387 2171 1452 2202 emi

118 2220 239 2264 (eam)
254 2221 405 2261 Bentley:
429 2221 492 2262 (ab
513 2220 577 2263 eo)
594 2221 658 2252 emi
677 2218 815 2250 Mueller
832 2216 965 2257 (Rlzein.
989 2215 1080 2246 Mus.
1106 2225 1158 2254 54,
1181 2215 1260 2255 393)
1278 2227 1284 2245 :
1317 2215 1383 2245 emi
1407 2214 1452 2245 mi

119 2265 223 2296 Bothe
336 2275 393 2295 111
410 2264 491 2304 fort.
513 2266 644 2296 enitere
759 2272 820 2292 112
843 2260 1015 2299 agendum
1033 2258 1097 2289 cod.
1120 2259 1170 2300 (gf.
1193 2258 1267 2298 149)
1390 2266 1452 2298 115

121 2309 318 2349 plenissime
335 2310 379 2340 tis
394 2308 461 2339 cod.
616 2319 628 2337 1
640 2318 675 2346 17
701 2306 877 2346 quisquam
894 2301 1079 2345 (usquam)
1093 2301 1272 2340 Buecheler,
1292 2304 1330 2332 ut
1343 2311 1454 2333 versus

120 2352 356 2392 iambicusfiat
460 2362 517 2382 121
545 2356 658 2383 curast
671 2350 735 2381 cod.
796 2348 876 2387 quid
894 2346 968 2385 siet,
984 2346 1062 2385 quid
1075 2345 1117 2386 (3)
1131 2343 1208 2385 Leo,
1225 2346 1280 2376 cuz·
1291 2344 1454 2386 spondeus

120 2397 155 2427 in
171 2400 287 2436 quarto
298 2395 377 2436 pede
392 2395 531 2436 dzlsplzeet
652 2405 712 2425 122
736 2393 855 2424 restito
872 2389 1003 2429 Bentley
1020 2400 1027 2419 ι
1051 2389 1171 2420 resisto
1188 2388 1253 2420 cod.
1324 2433 1343 2463 2

167 2450 287 2471 PLAVT.
308 2450 319 2470 1
1345 2434 1366 2463 9
