<?xml version="1.0" encoding="UTF-8"?>
<!DOCTYPE html PUBLIC "-//W3C//DTD XHTML 1.0 Transitional//EN"
    "http://www.w3.org/TR/xhtml1/DTD/xhtml1-transitional.dtd">
<html xmlns="http://www.w3.org/1999/xhtml" xml:lang="en" lang="en">
 <head>
  <title>
</title>
<meta http-equiv="Content-Type" content="text/html;charset=utf-8" />
  <meta name='ocr-system' content='tesseract 3.04.00' />
  <meta name='ocr-capabilities' content='ocr_page ocr_carea ocr_par ocr_line ocrx_word'/>
</head>
<body>
  <div class='ocr_page' id='page_1' title='image "./comoediaerecogno01plauuoft_0481.png"; bbox 0 0 1727 2712; ppageno 0'>
   <div class='ocr_carea' id='block_1_1' title="bbox 675 78 1566 118">
    <p class='ocr_par' dir='ltr' id='par_1_1' title="bbox 675 78 1566 118">
     <span class='ocr_line' id='line_1_1' title="bbox 675 78 1566 118; baseline 0.001 -2"><span class='ocrx_word' id='word_1_1' title='bbox 675 78 1034 117; x_wconf 91' lang='lat' dir='ltr'>MENAECHMI</span> <span class='ocrx_word' id='word_1_2' title='bbox 1466 80 1513 118; x_wconf 88' lang='lat' dir='ltr'>V.</span> <span class='ocrx_word' id='word_1_3' title='bbox 1532 89 1566 117; x_wconf 89' lang='lat' dir='ltr'>v</span> 
     </span>
    </p>
   </div>
   <div class='ocr_carea' id='block_1_2' title="bbox 0 187 1574 1867">
    <p class='ocr_par' dir='ltr' id='par_1_2' title="bbox 0 187 1574 1867">
     <span class='ocr_line' id='line_1_2' title="bbox 101 187 1513 241; baseline -0.003 -12"><span class='ocrx_word' id='word_1_4' title='bbox 101 202 168 241; x_wconf 80' lang='lat'>915</span> <span class='ocrx_word' id='word_1_5' title='bbox 187 189 322 228; x_wconf 89' lang='lat' dir='ltr'>album</span> <span class='ocrx_word' id='word_1_6' title='bbox 342 202 393 227; x_wconf 92' lang='lat' dir='ltr'>an</span> <span class='ocrx_word' id='word_1_7' title='bbox 412 196 540 227; x_wconf 89' lang='lat' dir='ltr'>atrum</span> <span class='ocrx_word' id='word_1_8' title='bbox 561 188 699 226; x_wconf 91' lang='lat' dir='ltr'>uinum</span> <span class='ocrx_word' id='word_1_9' title='bbox 719 189 863 239; x_wconf 88' lang='lat' dir='ltr'>potas?</span> <span class='ocrx_word' id='word_1_10' title='bbox 936 189 1051 225; x_wconf 81' lang='grc' dir='ltr'>ΜΕΝ.</span> <span class='ocrx_word' id='word_1_11' title='bbox 1075 188 1169 237; x_wconf 87' lang='lat' dir='ltr'>quin</span> <span class='ocrx_word' id='word_1_12' title='bbox 1192 195 1232 226; x_wconf 89' lang='lat' dir='ltr'>tu</span> <span class='ocrx_word' id='word_1_13' title='bbox 1256 188 1286 225; x_wconf 90' lang='lat' dir='ltr'>is</span> <span class='ocrx_word' id='word_1_14' title='bbox 1308 187 1347 225; x_wconf 93' lang='lat' dir='ltr'>in</span> <span class='ocrx_word' id='word_1_15' title='bbox 1370 189 1513 226; x_wconf 86' lang='lat' dir='ltr'>malam</span> 
     </span>
     <span class='ocr_line' id='line_1_3' title="bbox 1329 255 1516 293; baseline 0.011 -2"><span class='ocrx_word' id='word_1_16' title='bbox 1329 255 1516 293; x_wconf 85' lang='lat' dir='ltr'>crucem?</span> 
     </span>
     <span class='ocr_line' id='line_1_4' title="bbox 187 318 1514 369; baseline -0.001 -11"><span class='ocrx_word' id='word_1_17' title='bbox 187 321 301 358; x_wconf 85' lang='lat' dir='ltr'><strong>MED.</strong></span> <span class='ocrx_word' id='word_1_18' title='bbox 332 319 409 358; x_wconf 89' lang='lat' dir='ltr'>iarn</span> <span class='ocrx_word' id='word_1_19' title='bbox 431 321 562 358; x_wconf 89' lang='lat' dir='ltr'>hercle</span> <span class='ocrx_word' id='word_1_20' title='bbox 581 326 763 369; x_wconf 87' lang='lat' dir='ltr'>occeptat</span> <span class='ocrx_word' id='word_1_21' title='bbox 783 318 952 358; x_wconf 82' lang='lat' dir='ltr'>insanire</span> <span class='ocrx_word' id='word_1_22' title='bbox 973 319 1197 369; x_wconf 88' lang='lat' dir='ltr'>primulum.</span> <span class='ocrx_word' id='word_1_23' title='bbox 1272 321 1387 358; x_wconf 73' lang='grc' dir='ltr'>ΜΕΝ.</span> <span class='ocrx_word' id='word_1_24' title='bbox 1419 320 1514 369; x_wconf 76' lang='lat' dir='ltr'>quin</span> 
     </span>
     <span class='ocr_line' id='line_1_5' title="bbox 1119 382 1514 436; baseline 0 -14"><span class='ocrx_word' id='word_1_25' title='bbox 1119 382 1194 436; x_wconf 88' lang='lat' dir='ltr'>[tu]</span> <span class='ocrx_word' id='word_1_26' title='bbox 1217 398 1279 423; x_wconf 90' lang='lat' dir='ltr'>me</span> <span class='ocrx_word' id='word_1_27' title='bbox 1300 384 1514 434; x_wconf 76' lang='lat' dir='ltr'>interrogas</span> 
     </span>
     <span class='ocr_line' id='line_1_6' title="bbox 184 450 1514 501; baseline -0.002 -12"><span class='ocrx_word' id='word_1_28' title='bbox 184 463 424 501; x_wconf 88' lang='lat' dir='ltr'>purpureum</span> <span class='ocrx_word' id='word_1_29' title='bbox 444 463 588 501; x_wconf 89' lang='lat' dir='ltr'>panem</span> <span class='ocrx_word' id='word_1_30' title='bbox 608 464 658 488; x_wconf 93' lang='lat' dir='ltr'>an</span> <span class='ocrx_word' id='word_1_31' title='bbox 679 450 892 501; x_wconf 89' lang='lat' dir='ltr'>puniceum</span> <span class='ocrx_word' id='word_1_32' title='bbox 910 451 1057 488; x_wconf 82' lang='lat' dir='ltr'>soleam</span> <span class='ocrx_word' id='word_1_33' title='bbox 1074 463 1147 500; x_wconf 85' lang='lat' dir='ltr'>ego</span> <span class='ocrx_word' id='word_1_34' title='bbox 1164 463 1248 488; x_wconf 92' lang='lat' dir='ltr'>esse</span> <span class='ocrx_word' id='word_1_35' title='bbox 1264 463 1313 487; x_wconf 89' lang='lat' dir='ltr'>an</span> <span class='ocrx_word' id='word_1_36' title='bbox 1331 450 1481 487; x_wconf 90' lang='lat' dir='ltr'>luteum</span> <span class='ocrx_word' id='word_1_37' title='bbox 1497 450 1514 487; x_wconf 84' lang='lat'><strong>?</strong></span> 
     </span>
     <span class='ocr_line' id='line_1_7' title="bbox 183 514 1574 566; baseline 0 -14"><span class='ocrx_word' id='word_1_38' title='bbox 183 516 384 553; x_wconf 82' lang='lat' dir='ltr'>soleamne</span> <span class='ocrx_word' id='word_1_39' title='bbox 399 528 484 554; x_wconf 88' lang='lat' dir='ltr'>esse</span> <span class='ocrx_word' id='word_1_40' title='bbox 499 514 583 553; x_wconf 89' lang='lat' dir='ltr'>auis</span> <span class='ocrx_word' id='word_1_41' title='bbox 599 528 860 564; x_wconf 88' lang='lat' dir='ltr'>squamossas,</span> <span class='ocrx_word' id='word_1_42' title='bbox 876 515 994 566; x_wconf 88' lang='lat' dir='ltr'>piscis</span> <span class='ocrx_word' id='word_1_43' title='bbox 1007 516 1230 565; x_wconf 83' lang='lat' dir='ltr'>pennatos?</span> <span class='ocrx_word' id='word_1_44' title='bbox 1276 516 1339 553; x_wconf 83' lang='lat' dir='ltr'>SE.</span> <span class='ocrx_word' id='word_1_45' title='bbox 1363 516 1512 565; x_wconf 88' lang='lat' dir='ltr'>papae!</span> <span class='ocrx_word' id='word_1_46' title='bbox 1534 530 1574 552; x_wconf 87' lang='lat'>20</span> 
     </span>
     <span class='ocr_line' id='line_1_8' title="bbox 0 579 1314 630; baseline 0.003 -16"><span class='ocrx_word' id='word_1_47' title='bbox 0 586 9 628; x_wconf 69' lang='grc' dir='ltr'>ι</span> <span class='ocrx_word' id='word_1_48' title='bbox 35 588 117 624; x_wconf 86' lang='lat'>919-</span> <span class='ocrx_word' id='word_1_49' title='bbox 120 589 166 614; x_wconf 89' lang='lat'>20</span> <span class='ocrx_word' id='word_1_50' title='bbox 181 579 303 617; x_wconf 88' lang='lat' dir='ltr'>audin</span> <span class='ocrx_word' id='word_1_51' title='bbox 319 587 360 617; x_wconf 90' lang='lat' dir='ltr'>tu</span> <span class='ocrx_word' id='word_1_52' title='bbox 382 588 423 618; x_wconf 90' lang='lat' dir='ltr'>ut</span> <span class='ocrx_word' id='word_1_53' title='bbox 444 580 702 618; x_wconf 87' lang='lat' dir='ltr'>deliramenta</span> <span class='ocrx_word' id='word_1_54' title='bbox 723 579 925 630; x_wconf 88' lang='lat' dir='ltr'>loquitur?</span> <span class='ocrx_word' id='word_1_55' title='bbox 954 579 1050 630; x_wconf 86' lang='lat' dir='ltr'>quid</span> <span class='ocrx_word' id='word_1_56' title='bbox 1071 593 1201 618; x_wconf 84' lang='lat' dir='ltr'>cessas</span> <span class='ocrx_word' id='word_1_57' title='bbox 1221 581 1314 618; x_wconf 88' lang='lat' dir='ltr'>dare</span> 
     </span>
     <span class='ocr_line' id='line_1_9' title="bbox 20 633 1168 695; baseline 0.001 -13"><span class='ocrx_word' id='word_1_58' title='bbox 20 633 21 638; x_wconf 25' lang='lat'>¹</span> <span class='ocrx_word' id='word_1_59' title='bbox 180 644 353 695; x_wconf 83' lang='lat' dir='ltr'>potionis</span> <span class='ocrx_word' id='word_1_60' title='bbox 372 644 522 695; x_wconf 84' lang='lat' dir='ltr'>aliquid</span> <span class='ocrx_word' id='word_1_61' title='bbox 542 644 639 695; x_wconf 85' lang='lat' dir='ltr'>priu&#39;</span> <span class='ocrx_word' id='word_1_62' title='bbox 660 658 778 695; x_wconf 85' lang='lat' dir='ltr'>quam</span> <span class='ocrx_word' id='word_1_63' title='bbox 800 644 965 695; x_wconf 89' lang='lat' dir='ltr'>percipit</span> <span class='ocrx_word' id='word_1_64' title='bbox 984 644 1158 683; x_wconf 88' lang='lat' dir='ltr'>insania</span> <span class='ocrx_word' id='word_1_65' title='bbox 1152 647 1168 674; x_wconf 66' lang='grc' dir='ltr'>Ρ</span> 
     </span>
     <span class='ocr_line' id='line_1_10' title="bbox 181 710 1511 760; baseline 0.002 -13"><span class='ocrx_word' id='word_1_66' title='bbox 181 711 294 747; x_wconf 85' lang='lat' dir='ltr'>MED.</span> <span class='ocrx_word' id='word_1_67' title='bbox 328 723 444 748; x_wconf 88' lang='lat' dir='ltr'>mane</span> <span class='ocrx_word' id='word_1_68' title='bbox 479 711 611 757; x_wconf 91' lang='lat' dir='ltr'>modo,</span> <span class='ocrx_word' id='word_1_69' title='bbox 647 710 764 748; x_wconf 89' lang='lat' dir='ltr'>etiam</span> <span class='ocrx_word' id='word_1_70' title='bbox 800 710 1063 760; x_wconf 85' lang='lat' dir='ltr'>percontabor</span> <span class='ocrx_word' id='word_1_71' title='bbox 1096 710 1180 748; x_wconf 87' lang='lat' dir='ltr'>alia.</span> <span class='ocrx_word' id='word_1_72' title='bbox 1256 711 1319 749; x_wconf 81' lang='lat' dir='ltr'>SE.</span> <span class='ocrx_word' id='word_1_73' title='bbox 1361 710 1511 749; x_wconf 89' lang='lat' dir='ltr'>occidis</span> 
     </span>
     <span class='ocr_line' id='line_1_11' title="bbox 1317 776 1507 814; baseline 0 0"><span class='ocrx_word' id='word_1_74' title='bbox 1317 776 1507 814; x_wconf 80' lang='lat' dir='ltr'>fabulans.</span> 
     </span>
     <span class='ocr_line' id='line_1_12' title="bbox 180 839 1457 889; baseline 0.001 -12"><span class='ocrx_word' id='word_1_75' title='bbox 180 840 293 877; x_wconf 87' lang='lat' dir='ltr'><strong>MED.</strong></span> <span class='ocrx_word' id='word_1_76' title='bbox 326 839 390 878; x_wconf 92' lang='lat' dir='ltr'>dic</span> <span class='ocrx_word' id='word_1_77' title='bbox 411 840 507 878; x_wconf 88' lang='lat' dir='ltr'>mihi</span> <span class='ocrx_word' id='word_1_78' title='bbox 528 841 604 878; x_wconf 89' lang='lat' dir='ltr'>hoc</span> <span class='ocrx_word' id='word_1_79' title='bbox 625 855 631 877; x_wconf 92' lang='lat'>:</span> <span class='ocrx_word' id='word_1_80' title='bbox 661 841 789 878; x_wconf 88' lang='lat' dir='ltr'>solent</span> <span class='ocrx_word' id='word_1_81' title='bbox 810 839 880 878; x_wconf 92' lang='lat' dir='ltr'>tibi</span> <span class='ocrx_word' id='word_1_82' title='bbox 901 853 1090 889; x_wconf 85' lang='lat' dir='ltr'>umquam</span> <span class='ocrx_word' id='word_1_83' title='bbox 1113 840 1216 878; x_wconf 78' lang='lat' dir='ltr'>oculi</span> <span class='ocrx_word' id='word_1_84' title='bbox 1238 840 1324 878; x_wconf 88' lang='lat' dir='ltr'>duri</span> <span class='ocrx_word' id='word_1_85' title='bbox 1346 840 1457 879; x_wconf 87' lang='lat' dir='ltr'>fieri?</span> 
     </span>
     <span class='ocr_line' id='line_1_13' title="bbox 180 905 1570 955; baseline -0.002 -12"><span class='ocrx_word' id='word_1_86' title='bbox 180 906 294 943; x_wconf 72' lang='grc' dir='ltr'><strong>ΜΕΝ.</strong></span> <span class='ocrx_word' id='word_1_87' title='bbox 336 905 464 955; x_wconf 84' lang='lat' dir='ltr'>quid?</span> <span class='ocrx_word' id='word_1_88' title='bbox 511 913 552 943; x_wconf 94' lang='lat' dir='ltr'>tu</span> <span class='ocrx_word' id='word_1_89' title='bbox 592 919 655 943; x_wconf 90' lang='lat' dir='ltr'>me</span> <span class='ocrx_word' id='word_1_90' title='bbox 699 907 890 943; x_wconf 84' lang='lat' dir='ltr'>locustam</span> <span class='ocrx_word' id='word_1_91' title='bbox 937 918 1074 943; x_wconf 86' lang='lat' dir='ltr'>censes</span> <span class='ocrx_word' id='word_1_92' title='bbox 1109 919 1205 952; x_wconf 88' lang='lat' dir='ltr'>esse,</span> <span class='ocrx_word' id='word_1_93' title='bbox 1247 907 1368 943; x_wconf 89' lang='lat' dir='ltr'>homo</span> <span class='ocrx_word' id='word_1_94' title='bbox 1407 906 1510 955; x_wconf 85' lang='lat' dir='ltr'>igna-</span> <span class='ocrx_word' id='word_1_95' title='bbox 1532 919 1570 952; x_wconf 89' lang='lat'>²5</span> 
     </span>
     <span class='ocr_line' id='line_1_14' title="bbox 1307 970 1510 1009; baseline 0.005 -1"><span class='ocrx_word' id='word_1_96' title='bbox 1307 970 1480 1009; x_wconf 86' lang='lat' dir='ltr'>uissume</span> <span class='ocrx_word' id='word_1_97' title='bbox 1494 973 1510 1009; x_wconf 92' lang='lat'>?</span> 
     </span>
     <span class='ocr_line' id='line_1_15' title="bbox 89 1034 1508 1086; baseline 0.001 -14"><span class='ocrx_word' id='word_1_98' title='bbox 89 1047 155 1083; x_wconf 81' lang='lat'>925</span> <span class='ocrx_word' id='word_1_99' title='bbox 179 1035 291 1072; x_wconf 83' lang='lat' dir='ltr'>MED.</span> <span class='ocrx_word' id='word_1_100' title='bbox 325 1035 388 1073; x_wconf 90' lang='lat' dir='ltr'>dic</span> <span class='ocrx_word' id='word_1_101' title='bbox 424 1035 519 1072; x_wconf 84' lang='lat' dir='ltr'>mihi</span> <span class='ocrx_word' id='word_1_102' title='bbox 538 1050 544 1073; x_wconf 93' lang='lat'>:</span> <span class='ocrx_word' id='word_1_103' title='bbox 586 1048 829 1085; x_wconf 86' lang='lat' dir='ltr'>enumquam</span> <span class='ocrx_word' id='word_1_104' title='bbox 865 1034 1051 1073; x_wconf 89' lang='lat' dir='ltr'>intestina</span> <span class='ocrx_word' id='word_1_105' title='bbox 1085 1035 1155 1073; x_wconf 85' lang='lat' dir='ltr'>tibi</span> <span class='ocrx_word' id='word_1_106' title='bbox 1190 1043 1364 1085; x_wconf 82' lang='lat' dir='ltr'>crepant,</span> <span class='ocrx_word' id='word_1_107' title='bbox 1399 1037 1508 1086; x_wconf 86' lang='lat' dir='ltr'>quod</span> 
     </span>
     <span class='ocr_line' id='line_1_16' title="bbox 1334 1100 1510 1139; baseline 0 -1"><span class='ocrx_word' id='word_1_108' title='bbox 1334 1100 1478 1138; x_wconf 89' lang='lat' dir='ltr'>sentias</span> <span class='ocrx_word' id='word_1_109' title='bbox 1493 1103 1510 1139; x_wconf 87' lang='lat'>?</span> 
     </span>
     <span class='ocr_line' id='line_1_17' title="bbox 176 1165 1505 1216; baseline 0.002 -14"><span class='ocrx_word' id='word_1_110' title='bbox 176 1166 289 1202; x_wconf 68' lang='grc' dir='ltr'>ΜΕΝ.</span> <span class='ocrx_word' id='word_1_111' title='bbox 323 1165 390 1203; x_wconf 92' lang='lat' dir='ltr'>ubi</span> <span class='ocrx_word' id='word_1_112' title='bbox 418 1173 523 1203; x_wconf 89' lang='lat' dir='ltr'>satur</span> <span class='ocrx_word' id='word_1_113' title='bbox 543 1179 641 1213; x_wconf 89' lang='lat' dir='ltr'>sum,</span> <span class='ocrx_word' id='word_1_114' title='bbox 665 1167 772 1203; x_wconf 89' lang='lat' dir='ltr'>nulla</span> <span class='ocrx_word' id='word_1_115' title='bbox 799 1165 990 1215; x_wconf 83' lang='lat' dir='ltr'>crepitant</span> <span class='ocrx_word' id='word_1_116' title='bbox 1006 1180 1016 1212; x_wconf 82' lang='lat'>,·</span> <span class='ocrx_word' id='word_1_117' title='bbox 1050 1167 1211 1216; x_wconf 88' lang='lat' dir='ltr'>quando</span> <span class='ocrx_word' id='word_1_118' title='bbox 1239 1166 1398 1213; x_wconf 85' lang='lat' dir='ltr'>essurio,</span> <span class='ocrx_word' id='word_1_119' title='bbox 1422 1173 1505 1204; x_wconf 88' lang='lat' dir='ltr'>tum</span> 
     </span>
     <span class='ocr_line' id='line_1_18' title="bbox 1331 1238 1503 1280; baseline 0.006 -12"><span class='ocrx_word' id='word_1_120' title='bbox 1331 1238 1503 1280; x_wconf 87' lang='lat' dir='ltr'>crepant.</span> 
     </span>
     <span class='ocr_line' id='line_1_19' title="bbox 173 1296 1505 1347; baseline 0.001 -14"><span class='ocrx_word' id='word_1_121' title='bbox 173 1296 285 1334; x_wconf 81' lang='grc' dir='ltr'>ΜΕΙ).</span> <span class='ocrx_word' id='word_1_122' title='bbox 319 1297 394 1334; x_wconf 90' lang='lat' dir='ltr'>hoc</span> <span class='ocrx_word' id='word_1_123' title='bbox 415 1296 577 1346; x_wconf 88' lang='lat' dir='ltr'>quidem</span> <span class='ocrx_word' id='word_1_124' title='bbox 598 1297 740 1347; x_wconf 85' lang='lat' dir='ltr'>edepol</span> <span class='ocrx_word' id='word_1_125' title='bbox 761 1297 839 1334; x_wconf 90' lang='lat' dir='ltr'>hau</span> <span class='ocrx_word' id='word_1_126' title='bbox 860 1309 930 1346; x_wconf 89' lang='lat' dir='ltr'>pro</span> <span class='ocrx_word' id='word_1_127' title='bbox 960 1297 1099 1334; x_wconf 87' lang='lat' dir='ltr'>insano</span> <span class='ocrx_word' id='word_1_128' title='bbox 1116 1297 1280 1335; x_wconf 88' lang='lat' dir='ltr'>uerbum</span> <span class='ocrx_word' id='word_1_129' title='bbox 1302 1297 1505 1346; x_wconf 88' lang='lat' dir='ltr'>respondit</span> 
     </span>
     <span class='ocr_line' id='line_1_20' title="bbox 1394 1362 1500 1400; baseline 0.009 -1"><span class='ocrx_word' id='word_1_130' title='bbox 1394 1362 1500 1400; x_wconf 85' lang='lat' dir='ltr'>mihi.</span> 
     </span>
     <span class='ocr_line' id='line_1_21' title="bbox 172 1426 1449 1477; baseline 0.002 -13"><span class='ocrx_word' id='word_1_131' title='bbox 172 1427 455 1476; x_wconf 85' lang='lat' dir='ltr'>perdormiscin</span> <span class='ocrx_word' id='word_1_132' title='bbox 477 1440 602 1477; x_wconf 90' lang='lat' dir='ltr'>usque</span> <span class='ocrx_word' id='word_1_133' title='bbox 622 1428 673 1465; x_wconf 90' lang='lat' dir='ltr'>ad</span> <span class='ocrx_word' id='word_1_134' title='bbox 694 1428 853 1465; x_wconf 88' lang='lat' dir='ltr'>lucem?</span> <span class='ocrx_word' id='word_1_135' title='bbox 883 1426 1013 1465; x_wconf 88' lang='lat' dir='ltr'>facilin</span> <span class='ocrx_word' id='word_1_136' title='bbox 1036 1434 1078 1465; x_wconf 90' lang='lat' dir='ltr'>tu</span> <span class='ocrx_word' id='word_1_137' title='bbox 1100 1427 1247 1465; x_wconf 90' lang='lat' dir='ltr'>dormis</span> <span class='ocrx_word' id='word_1_138' title='bbox 1269 1427 1449 1466; x_wconf 89' lang='lat' dir='ltr'>cubans?</span> 
     </span>
     <span class='ocr_line' id='line_1_22' title="bbox 17 1492 1563 1542; baseline 0.003 -14"><span class='ocrx_word' id='word_1_139' title='bbox 17 1502 156 1539; x_wconf 81' lang='lat'><strong>-929·30</strong></span> <span class='ocrx_word' id='word_1_140' title='bbox 174 1492 288 1529; x_wconf 68' lang='grc' dir='ltr'><strong>ΜΕΝ.</strong></span> <span class='ocrx_word' id='word_1_141' title='bbox 321 1492 600 1541; x_wconf 88' lang='lat' dir='ltr'>perdormisco,</span> <span class='ocrx_word' id='word_1_142' title='bbox 624 1492 654 1530; x_wconf 89' lang='lat' dir='ltr'>si</span> <span class='ocrx_word' id='word_1_143' title='bbox 676 1492 818 1530; x_wconf 90' lang='lat' dir='ltr'>resolui</span> <span class='ocrx_word' id='word_1_144' title='bbox 839 1492 1043 1542; x_wconf 81' lang='lat' dir='ltr'>argentum</span> <span class='ocrx_word' id='word_1_145' title='bbox 1066 1492 1159 1542; x_wconf 87' lang='lat' dir='ltr'>quoi</span> <span class='ocrx_word' id='word_1_146' title='bbox 1181 1493 1361 1530; x_wconf 86' lang='lat' dir='ltr'>debeo—</span> <span class='ocrx_word' id='word_1_147' title='bbox 1522 1511 1563 1542; x_wconf 82' lang='lat'>30</span> 
     </span>
     <span class='ocr_line' id='line_1_23' title="bbox 21 1556 1324 1607; baseline 0.001 -13"><span class='ocrx_word' id='word_1_148' title='bbox 21 1569 134 1605; x_wconf 89' lang='lat'>931—3</span> <span class='ocrx_word' id='word_1_149' title='bbox 171 1556 238 1606; x_wconf 87' lang='lat' dir='ltr'>qui</span> <span class='ocrx_word' id='word_1_150' title='bbox 259 1564 297 1595; x_wconf 87' lang='lat' dir='ltr'>te</span> <span class='ocrx_word' id='word_1_151' title='bbox 319 1557 497 1607; x_wconf 89' lang='lat' dir='ltr'>Iuppiter</span> <span class='ocrx_word' id='word_1_152' title='bbox 517 1557 637 1607; x_wconf 84' lang='lat' dir='ltr'>dique</span> <span class='ocrx_word' id='word_1_153' title='bbox 658 1570 809 1604; x_wconf 86' lang='lat' dir='ltr'>omnes,</span> <span class='ocrx_word' id='word_1_154' title='bbox 832 1564 1093 1607; x_wconf 85' lang='lat' dir='ltr'>percontator,</span> <span class='ocrx_word' id='word_1_155' title='bbox 1117 1557 1300 1607; x_wconf 89' lang='lat' dir='ltr'>perduint</span> <span class='ocrx_word' id='word_1_156' title='bbox 1319 1561 1324 1595; x_wconf 91' lang='lat'>!</span> 
     </span>
     <span class='ocr_line' id='line_1_24' title="bbox 171 1622 1500 1672; baseline 0.002 -13"><span class='ocrx_word' id='word_1_157' title='bbox 171 1623 284 1660; x_wconf 82' lang='lat' dir='ltr'>MED.</span> <span class='ocrx_word' id='word_1_158' title='bbox 321 1636 427 1660; x_wconf 91' lang='lat' dir='ltr'>nunc</span> <span class='ocrx_word' id='word_1_159' title='bbox 458 1623 580 1660; x_wconf 92' lang='lat' dir='ltr'>horno</span> <span class='ocrx_word' id='word_1_160' title='bbox 610 1622 780 1660; x_wconf 88' lang='lat' dir='ltr'>insanire</span> <span class='ocrx_word' id='word_1_161' title='bbox 810 1630 1019 1672; x_wconf 87' lang='lat' dir='ltr'>occeptat:</span> <span class='ocrx_word' id='word_1_162' title='bbox 1059 1623 1109 1660; x_wconf 91' lang='lat' dir='ltr'>de</span> <span class='ocrx_word' id='word_1_163' title='bbox 1139 1622 1213 1660; x_wconf 91' lang='lat' dir='ltr'>illis</span> <span class='ocrx_word' id='word_1_164' title='bbox 1243 1622 1373 1661; x_wconf 90' lang='lat' dir='ltr'>uerbis</span> <span class='ocrx_word' id='word_1_165' title='bbox 1403 1636 1500 1662; x_wconf 85' lang='lat' dir='ltr'>caue</span> 
     </span>
     <span class='ocr_line' id='line_1_25' title="bbox 1416 1688 1499 1727; baseline 0.012 -1"><span class='ocrx_word' id='word_1_166' title='bbox 1416 1688 1499 1727; x_wconf 89' lang='lat' dir='ltr'>tibi.</span> 
     </span>
     <span class='ocr_line' id='line_1_26' title="bbox 80 1751 1499 1802; baseline 0.001 -13"><span class='ocrx_word' id='word_1_167' title='bbox 80 1762 146 1800; x_wconf 84' lang='lat'>935</span> <span class='ocrx_word' id='word_1_168' title='bbox 168 1753 231 1790; x_wconf 81' lang='lat' dir='ltr'>SE.</span> <span class='ocrx_word' id='word_1_169' title='bbox 264 1751 387 1790; x_wconf 91' lang='lat' dir='ltr'>immo</span> <span class='ocrx_word' id='word_1_170' title='bbox 409 1753 554 1790; x_wconf 91' lang='lat' dir='ltr'>Nestor</span> <span class='ocrx_word' id='word_1_171' title='bbox 575 1764 682 1790; x_wconf 92' lang='lat' dir='ltr'>nunc</span> <span class='ocrx_word' id='word_1_172' title='bbox 698 1751 862 1802; x_wconf 75' lang='lat' dir='ltr'>quidem</span> <span class='ocrx_word' id='word_1_173' title='bbox 880 1759 939 1791; x_wconf 88' lang='lat' dir='ltr'>est</span> <span class='ocrx_word' id='word_1_174' title='bbox 959 1753 1011 1791; x_wconf 87' lang='lat' dir='ltr'>de</span> <span class='ocrx_word' id='word_1_175' title='bbox 1031 1752 1174 1799; x_wconf 81' lang='lat' dir='ltr'>uerbis,</span> <span class='ocrx_word' id='word_1_176' title='bbox 1192 1761 1329 1802; x_wconf 86' lang='lat' dir='ltr'>praeut</span> <span class='ocrx_word' id='word_1_177' title='bbox 1345 1754 1499 1792; x_wconf 87' lang='lat' dir='ltr'>dudum</span> 
     </span>
     <span class='ocr_line' id='line_1_27' title="bbox 1403 1819 1500 1867; baseline 0.01 -11"><span class='ocrx_word' id='word_1_178' title='bbox 1403 1819 1474 1857; x_wconf 85' lang='lat' dir='ltr'>fuit</span> <span class='ocrx_word' id='word_1_179' title='bbox 1489 1835 1500 1867; x_wconf 76' lang='lat'><em>3</em></span> 
     </span>
    </p>
   </div>
   <div class='ocr_carea' id='block_1_3' title="bbox 4 0 26 246">
    <p class='ocr_par' dir='ltr' id='par_1_3' title="bbox 4 0 26 246">
     <span class='ocr_line' id='line_1_28' title="bbox 4 0 26 246; textangle 90"><span class='ocrx_word' id='word_1_180' title='bbox 4 206 14 246; x_wconf 52' lang='grc' dir='ltr'>ν’·</span> <span class='ocrx_word' id='word_1_181' title='bbox 11 171 16 181; x_wconf 80' lang='lat'><em>-</em></span> <span class='ocrx_word' id='word_1_182' title='bbox 8 0 26 85; x_wconf 55' lang='lat' dir='ltr'>‹aq-</span> 
     </span>
    </p>
   </div>
   <div class='ocr_carea' id='block_1_4' title="bbox 0 0 41 2363">
    <p class='ocr_par' dir='ltr' id='par_1_4' title="bbox 0 0 41 2363">
     <span class='ocr_line' id='line_1_29' title="bbox 5 0 41 1467; baseline 0 -912"><span class='ocrx_word' id='word_1_183' title='bbox 5 0 41 1467; x_wconf 95' lang='lat' dir='ltr'>  </span> 
     </span>
     <span class='ocr_line' id='line_1_30' title="bbox 0 1467 21 2363; baseline 0 -796"><span class='ocrx_word' id='word_1_184' title='bbox 0 1467 21 2363; x_wconf 95' lang='lat' dir='ltr'>   </span> 
     </span>
    </p>
   </div>
   <div class='ocr_carea' id='block_1_5' title="bbox 160 1922 1497 2443">
    <p class='ocr_par' dir='ltr' id='par_1_5' title="bbox 160 1922 1497 2443">
     <span class='ocr_line' id='line_1_31' title="bbox 207 1922 1497 1962; baseline 0.002 -11"><span class='ocrx_word' id='word_1_185' title='bbox 207 1931 272 1961; x_wconf 86' lang='lat'>915</span> <span class='ocrx_word' id='word_1_186' title='bbox 296 1922 339 1952; x_wconf 80' lang='lat' dir='ltr'>sic</span> <span class='ocrx_word' id='word_1_187' title='bbox 362 1923 518 1962; x_wconf 65' lang='lat' dir='ltr'>asmptus</span> <span class='ocrx_word' id='word_1_188' title='bbox 539 1922 575 1952; x_wconf 82' lang='lat' dir='ltr'>in</span> <span class='ocrx_word' id='word_1_189' title='bbox 592 1922 625 1953; x_wconf 91' lang='grc' dir='ltr'><em>Β</em></span> <span class='ocrx_word' id='word_1_190' title='bbox 642 1932 749 1952; x_wconf 85' lang='lat' dir='ltr'>manu</span> <span class='ocrx_word' id='word_1_191' title='bbox 767 1926 935 1953; x_wconf 80' lang='lat' dir='ltr'>recentiore</span> <span class='ocrx_word' id='word_1_192' title='bbox 950 1922 997 1952; x_wconf 84' lang='lat' dir='ltr'>ad</span> <span class='ocrx_word' id='word_1_193' title='bbox 1013 1922 1218 1953; x_wconf 73' lang='lat' dir='ltr'>curculionis</span> <span class='ocrx_word' id='word_1_194' title='bbox 1232 1933 1261 1954; x_wconf 90' lang='lat' dir='ltr'>v.</span> <span class='ocrx_word' id='word_1_195' title='bbox 1278 1933 1340 1961; x_wconf 86' lang='lat'>242</span> <span class='ocrx_word' id='word_1_196' title='bbox 1357 1934 1363 1953; x_wconf 90' lang='lat'>:</span> <span class='ocrx_word' id='word_1_197' title='bbox 1387 1923 1497 1954; x_wconf 87' lang='lat' dir='ltr'>album</span> 
     </span>
     <span class='ocr_line' id='line_1_32' title="bbox 164 1965 1496 2006; baseline 0.002 -10"><span class='ocrx_word' id='word_1_198' title='bbox 164 1975 206 1996; x_wconf 84' lang='lat' dir='ltr'>an</span> <span class='ocrx_word' id='word_1_199' title='bbox 224 1971 336 1996; x_wconf 86' lang='lat' dir='ltr'>atrurn</span> <span class='ocrx_word' id='word_1_200' title='bbox 354 1965 468 1996; x_wconf 90' lang='lat' dir='ltr'>uinum</span> <span class='ocrx_word' id='word_1_201' title='bbox 486 1971 583 2005; x_wconf 83' lang='lat' dir='ltr'>potas</span> <span class='ocrx_word' id='word_1_202' title='bbox 600 1967 680 2005; x_wconf 88' lang='lat' dir='ltr'>quid</span> <span class='ocrx_word' id='word_1_203' title='bbox 705 1965 763 1996; x_wconf 87' lang='lat' dir='ltr'>tibi</span> <span class='ocrx_word' id='word_1_204' title='bbox 787 1966 921 2005; x_wconf 89' lang='lat' dir='ltr'>quesito</span> <span class='ocrx_word' id='word_1_205' title='bbox 938 1977 1024 2006; x_wconf 88' lang='lat' dir='ltr'>opus</span> <span class='ocrx_word' id='word_1_206' title='bbox 1047 1972 1099 1996; x_wconf 87' lang='lat' dir='ltr'>est</span> <span class='ocrx_word' id='word_1_207' title='bbox 1190 1966 1245 1996; x_wconf 78' lang='lat' dir='ltr'>vix</span> <span class='ocrx_word' id='word_1_208' title='bbox 1260 1968 1378 2006; x_wconf 67' lang='lat' dir='ltr'>potas?</span> <span class='ocrx_word' id='word_1_209' title='bbox 1406 1966 1496 1998; x_wconf 77' lang='grc' dir='ltr'><strong>ΜΕΝ.</strong></span> 
     </span>
     <span class='ocr_line' id='line_1_33' title="bbox 163 2008 1493 2051; baseline 0.002 -12"><span class='ocrx_word' id='word_1_210' title='bbox 163 2009 242 2048; x_wconf 86' lang='lat' dir='ltr'>quid</span> <span class='ocrx_word' id='word_1_211' title='bbox 260 2009 320 2039; x_wconf 83' lang='lat' dir='ltr'>tibi</span> <span class='ocrx_word' id='word_1_212' title='bbox 344 2010 499 2048; x_wconf 89' lang='lat' dir='ltr'>quaesito</span> <span class='ocrx_word' id='word_1_213' title='bbox 516 2015 618 2048; x_wconf 89' lang='lat' dir='ltr'>opust</span> <span class='ocrx_word' id='word_1_214' title='bbox 635 2008 781 2051; x_wconf 81' lang='lat' dir='ltr'>(Album</span> <span class='ocrx_word' id='word_1_215' title='bbox 799 2021 840 2040; x_wconf 88' lang='lat' dir='ltr'>an</span> <span class='ocrx_word' id='word_1_216' title='bbox 859 2015 967 2040; x_wconf 88' lang='lat' dir='ltr'>atrum</span> <span class='ocrx_word' id='word_1_217' title='bbox 992 2010 1106 2040; x_wconf 86' lang='lat' dir='ltr'>uinum</span> <span class='ocrx_word' id='word_1_218' title='bbox 1126 2014 1238 2049; x_wconf 87' lang='lat' dir='ltr'>potem</span> <span class='ocrx_word' id='word_1_219' title='bbox 1254 2010 1286 2051; x_wconf 66' lang='lat'>3&gt;</span> <span class='ocrx_word' id='word_1_220' title='bbox 1302 2011 1382 2049; x_wconf 88' lang='lat' dir='ltr'>quin</span> <span class='ocrx_word' id='word_1_221' title='bbox 1402 2014 1437 2040; x_wconf 89' lang='lat' dir='ltr'>tu</span> <span class='ocrx_word' id='word_1_222' title='bbox 1456 2012 1493 2050; x_wconf 84' lang='lat' dir='ltr'>is,</span> 
     </span>
     <span class='ocr_line' id='line_1_34' title="bbox 163 2052 1496 2093; baseline 0.001 -11"><span class='ocrx_word' id='word_1_223' title='bbox 163 2057 224 2083; x_wconf 88' lang='lat' dir='ltr'>ete.</span> <span class='ocrx_word' id='word_1_224' title='bbox 248 2052 309 2091; x_wconf 82' lang='lat' dir='ltr'>(iii.</span> <span class='ocrx_word' id='word_1_225' title='bbox 333 2054 388 2090; x_wconf 75' lang='lat'>11)</span> <span class='ocrx_word' id='word_1_226' title='bbox 521 2054 587 2092; x_wconf 85' lang='lat'>916</span> <span class='ocrx_word' id='word_1_227' title='bbox 610 2058 751 2093; x_wconf 85' lang='lat' dir='ltr'>occepta</span> <span class='ocrx_word' id='word_1_228' title='bbox 767 2053 833 2083; x_wconf 89' lang='lat' dir='ltr'>cod.</span> <span class='ocrx_word' id='word_1_229' title='bbox 854 2056 946 2091; x_wconf 83' lang='lat' dir='ltr'>(corr.</span> <span class='ocrx_word' id='word_1_230' title='bbox 966 2054 1029 2092; x_wconf 76' lang='lat'>13²)</span> <span class='ocrx_word' id='word_1_231' title='bbox 1117 2058 1195 2093; x_wconf 79' lang='lat' dir='ltr'>post</span> <span class='ocrx_word' id='word_1_232' title='bbox 1213 2054 1392 2093; x_wconf 88' lang='lat' dir='ltr'>primulum</span> <span class='ocrx_word' id='word_1_233' title='bbox 1410 2054 1496 2084; x_wconf 81' lang='lat' dir='ltr'>lacu-</span> 
     </span>
     <span class='ocr_line' id='line_1_35' title="bbox 162 2095 1493 2138; baseline 0.002 -12"><span class='ocrx_word' id='word_1_234' title='bbox 162 2106 244 2126; x_wconf 80' lang='lat' dir='ltr'>nam</span> <span class='ocrx_word' id='word_1_235' title='bbox 261 2096 348 2136; x_wconf 82' lang='lat' dir='ltr'>sign.</span> <span class='ocrx_word' id='word_1_236' title='bbox 367 2096 502 2135; x_wconf 81' lang='lat' dir='ltr'>Vahlen,</span> <span class='ocrx_word' id='word_1_237' title='bbox 521 2095 648 2127; x_wconf 83' lang='lat' dir='ltr'>Sclzoell</span> <span class='ocrx_word' id='word_1_238' title='bbox 664 2096 716 2138; x_wconf 86' lang='lat' dir='ltr'>(cs.</span> <span class='ocrx_word' id='word_1_239' title='bbox 739 2096 786 2127; x_wconf 87' lang='lat' dir='ltr'>ad</span> <span class='ocrx_word' id='word_1_240' title='bbox 800 2107 827 2128; x_wconf 86' lang='lat' dir='ltr'>v.</span> <span class='ocrx_word' id='word_1_241' title='bbox 847 2098 927 2136; x_wconf 81' lang='grc'>915)</span> <span class='ocrx_word' id='word_1_242' title='bbox 1029 2101 1063 2127; x_wconf 88' lang='lat' dir='ltr'>tu</span> <span class='ocrx_word' id='word_1_243' title='bbox 1081 2096 1138 2127; x_wconf 83' lang='lat' dir='ltr'>del.</span> <span class='ocrx_word' id='word_1_244' title='bbox 1152 2096 1257 2128; x_wconf 75' lang='lat' dir='ltr'>Bothe</span> <span class='ocrx_word' id='word_1_245' title='bbox 1274 2097 1328 2137; x_wconf 87' lang='lat' dir='ltr'>(ex</span> <span class='ocrx_word' id='word_1_246' title='bbox 1343 2108 1370 2128; x_wconf 87' lang='lat' dir='ltr'>v.</span> <span class='ocrx_word' id='word_1_247' title='bbox 1393 2108 1455 2136; x_wconf 85' lang='lat'>915</span> <span class='ocrx_word' id='word_1_248' title='bbox 1468 2100 1493 2129; x_wconf 60' lang='lat'>21</span> 
     </span>
     <span class='ocr_line' id='line_1_36' title="bbox 161 2139 1492 2180; baseline 0.001 -11"><span class='ocrx_word' id='word_1_249' title='bbox 161 2140 226 2177; x_wconf 90' lang='lat'>918</span> <span class='ocrx_word' id='word_1_250' title='bbox 249 2149 447 2178; x_wconf 85' lang='lat' dir='ltr'>quamossas</span> <span class='ocrx_word' id='word_1_251' title='bbox 477 2139 546 2171; x_wconf 83' lang='lat' dir='ltr'>cod.</span> <span class='ocrx_word' id='word_1_252' title='bbox 697 2150 827 2179; x_wconf 88' lang='lat'><strong>919-20</strong></span> <span class='ocrx_word' id='word_1_253' title='bbox 851 2141 967 2171; x_wconf 82' lang='lat' dir='ltr'>auditu</span> <span class='ocrx_word' id='word_1_254' title='bbox 996 2140 1062 2171; x_wconf 82' lang='lat' dir='ltr'>cod.</span> <span class='ocrx_word' id='word_1_255' title='bbox 1099 2141 1191 2180; x_wconf 84' lang='lat' dir='ltr'>(corr.</span> <span class='ocrx_word' id='word_1_256' title='bbox 1221 2140 1287 2180; x_wconf 73' lang='lat'>232)</span> <span class='ocrx_word' id='word_1_257' title='bbox 1432 2151 1492 2179; x_wconf 88' lang='lat'>921</span> 
     </span>
     <span class='ocr_line' id='line_1_37' title="bbox 162 2183 1494 2224; baseline 0.002 -11"><span class='ocrx_word' id='word_1_258' title='bbox 162 2184 302 2213; x_wconf 88' lang='lat' dir='ltr'>uesania</span> <span class='ocrx_word' id='word_1_259' title='bbox 318 2183 421 2213; x_wconf 76' lang='lat' dir='ltr'>Bothe</span> <span class='ocrx_word' id='word_1_260' title='bbox 439 2183 491 2223; x_wconf 86' lang='lat' dir='ltr'><em>(cf.</em></span> <span class='ocrx_word' id='word_1_261' title='bbox 504 2194 534 2214; x_wconf 88' lang='lat' dir='ltr'>v.</span> <span class='ocrx_word' id='word_1_262' title='bbox 552 2183 645 2223; x_wconf 84' lang='lat'>878),</span> <span class='ocrx_word' id='word_1_263' title='bbox 669 2184 721 2213; x_wconf 89' lang='lat' dir='ltr'>cui</span> <span class='ocrx_word' id='word_1_264' title='bbox 740 2185 882 2223; x_wconf 68' lang='lat' dir='ltr'>percipit</span> <span class='ocrx_word' id='word_1_265' title='bbox 899 2184 1037 2224; x_wconf 74' lang='lat' dir='ltr'>displicet</span> <span class='ocrx_word' id='word_1_266' title='bbox 1218 2194 1283 2222; x_wconf 88' lang='lat'>922</span> <span class='ocrx_word' id='word_1_267' title='bbox 1306 2183 1387 2223; x_wconf 87' lang='lat' dir='ltr'>alia]</span> <span class='ocrx_word' id='word_1_268' title='bbox 1406 2184 1494 2216; x_wconf 88' lang='lat' dir='ltr'>heiia</span> 
     </span>
     <span class='ocr_line' id='line_1_38' title="bbox 162 2225 1491 2268; baseline 0.002 -12"><span class='ocrx_word' id='word_1_269' title='bbox 162 2225 290 2256; x_wconf 76' lang='lat' dir='ltr'>Sclzoell</span> <span class='ocrx_word' id='word_1_270' title='bbox 362 2226 436 2268; x_wconf 59' lang='lat' dir='ltr'>Sa]</span> <span class='ocrx_word' id='word_1_271' title='bbox 454 2227 546 2258; x_wconf 75' lang='grc' dir='ltr'>ΜΕΝ.</span> <span class='ocrx_word' id='word_1_272' title='bbox 560 2227 620 2257; x_wconf 80' lang='lat' dir='ltr'>alii</span> <span class='ocrx_word' id='word_1_273' title='bbox 698 2228 826 2267; x_wconf 87' lang='lat' dir='ltr'>occipis</span> <span class='ocrx_word' id='word_1_274' title='bbox 838 2226 889 2257; x_wconf 84' lang='grc' dir='ltr'>Β2</span> <span class='ocrx_word' id='word_1_275' title='bbox 973 2227 1126 2257; x_wconf 84' lang='lat' dir='ltr'>sabulans</span> <span class='ocrx_word' id='word_1_276' title='bbox 1137 2227 1310 2258; x_wconf 78' lang='lat' dir='ltr'>Acidalius</span> <span class='ocrx_word' id='word_1_277' title='bbox 1322 2240 1328 2259; x_wconf 91' lang='lat'>:</span> <span class='ocrx_word' id='word_1_278' title='bbox 1347 2227 1491 2259; x_wconf 85' lang='lat' dir='ltr'>fabulam</span> 
     </span>
     <span class='ocr_line' id='line_1_39' title="bbox 162 2268 1493 2312; baseline 0.003 -14"><span class='ocrx_word' id='word_1_279' title='bbox 162 2268 223 2308; x_wconf 79' lang='lat' dir='ltr'>(B)</span> <span class='ocrx_word' id='word_1_280' title='bbox 248 2269 298 2300; x_wconf 81' lang='lat' dir='ltr'>vel</span> <span class='ocrx_word' id='word_1_281' title='bbox 319 2270 417 2300; x_wconf 86' lang='lat' dir='ltr'>falam</span> <span class='ocrx_word' id='word_1_282' title='bbox 438 2270 546 2310; x_wconf 78' lang='lat' dir='ltr'>(PCD)</span> <span class='ocrx_word' id='word_1_283' title='bbox 563 2270 627 2301; x_wconf 84' lang='lat' dir='ltr'>cod.</span> <span class='ocrx_word' id='word_1_284' title='bbox 719 2281 783 2310; x_wconf 87' lang='lat'>925</span> <span class='ocrx_word' id='word_1_285' title='bbox 807 2271 898 2301; x_wconf 87' lang='lat' dir='ltr'>mehi</span> <span class='ocrx_word' id='word_1_286' title='bbox 916 2271 1002 2302; x_wconf 86' lang='lat' dir='ltr'>codd.</span> <span class='ocrx_word' id='word_1_287' title='bbox 1026 2272 1301 2311; x_wconf 80' lang='lat' dir='ltr'>(antiquasorma</span> <span class='ocrx_word' id='word_1_288' title='bbox 1312 2272 1339 2312; x_wconf 71' lang='lat'>⁴3)</span> <span class='ocrx_word' id='word_1_289' title='bbox 1427 2273 1493 2311; x_wconf 89' lang='lat'>926</span> 
     </span>
     <span class='ocr_line' id='line_1_40' title="bbox 160 2313 1490 2355; baseline 0.003 -13"><span class='ocrx_word' id='word_1_290' title='bbox 160 2317 240 2343; x_wconf 91' lang='lat' dir='ltr'>tunc</span> <span class='ocrx_word' id='word_1_291' title='bbox 257 2313 344 2345; x_wconf 89' lang='lat' dir='ltr'>codd.</span> <span class='ocrx_word' id='word_1_292' title='bbox 359 2313 462 2344; x_wconf 75' lang='lat' dir='ltr'>Nonii</span> <span class='ocrx_word' id='word_1_293' title='bbox 475 2323 538 2353; x_wconf 87' lang='lat'>255</span> <span class='ocrx_word' id='word_1_294' title='bbox 648 2315 711 2353; x_wconf 89' lang='grc'>928</span> <span class='ocrx_word' id='word_1_295' title='bbox 736 2315 1047 2355; x_wconf 85' lang='lat' dir='ltr'>perdormiscanius</span> <span class='ocrx_word' id='word_1_296' title='bbox 1064 2325 1129 2354; x_wconf 87' lang='lat' dir='ltr'>que</span> <span class='ocrx_word' id='word_1_297' title='bbox 1146 2314 1211 2345; x_wconf 87' lang='lat' dir='ltr'>cod.</span> <span class='ocrx_word' id='word_1_298' title='bbox 1229 2315 1301 2355; x_wconf 81' lang='lat' dir='ltr'>(pro</span> <span class='ocrx_word' id='word_1_299' title='bbox 1318 2325 1393 2346; x_wconf 85' lang='lat' dir='ltr'>-ean</span> <span class='ocrx_word' id='word_1_300' title='bbox 1412 2326 1490 2346; x_wconf 87' lang='lat' dir='ltr'>corr.</span> 
     </span>
     <span class='ocr_line' id='line_1_41' title="bbox 161 2356 1489 2396; baseline 0.002 -10"><span class='ocrx_word' id='word_1_301' title='bbox 161 2356 229 2386; x_wconf 91' lang='lat' dir='ltr'>-cin</span> <span class='ocrx_word' id='word_1_302' title='bbox 246 2362 400 2396; x_wconf 79' lang='lat' dir='ltr'>superscr.</span> <span class='ocrx_word' id='word_1_303' title='bbox 421 2358 444 2396; x_wconf 77' lang='lat' dir='ltr'>i)</span> <span class='ocrx_word' id='word_1_304' title='bbox 535 2358 706 2388; x_wconf 87' lang='lat' dir='ltr'>obdormis</span> <span class='ocrx_word' id='word_1_305' title='bbox 717 2357 843 2388; x_wconf 75' lang='lat' dir='ltr'>Ritschl</span> <span class='ocrx_word' id='word_1_306' title='bbox 929 2359 1055 2388; x_wconf 87' lang='lat' dir='ltr'>cubans</span> <span class='ocrx_word' id='word_1_307' title='bbox 1066 2357 1099 2388; x_wconf 84' lang='lat' dir='ltr'><em>A</em></span> <span class='ocrx_word' id='word_1_308' title='bbox 1105 2358 1258 2389; x_wconf 78' lang='lat' dir='ltr'>cidalius:</span> <span class='ocrx_word' id='word_1_309' title='bbox 1285 2368 1406 2389; x_wconf 87' lang='lat' dir='ltr'>curans</span> <span class='ocrx_word' id='word_1_310' title='bbox 1421 2359 1489 2391; x_wconf 89' lang='lat' dir='ltr'>cod.</span> 
     </span>
     <span class='ocr_line' id='line_1_42' title="bbox 161 2399 1488 2443; baseline 0.003 -14"><span class='ocrx_word' id='word_1_311' title='bbox 161 2399 344 2441; x_wconf 78' lang='lat' dir='ltr'>(Rpross;</span> <span class='ocrx_word' id='word_1_312' title='bbox 370 2401 410 2431; x_wconf 88' lang='lat' dir='ltr'>vi.</span> <span class='ocrx_word' id='word_1_313' title='bbox 434 2402 464 2439; x_wconf 65' lang='lat'>1)</span> <span class='ocrx_word' id='word_1_314' title='bbox 556 2411 688 2440; x_wconf 86' lang='lat'><strong>929-30</strong></span> <span class='ocrx_word' id='word_1_315' title='bbox 712 2401 760 2431; x_wconf 84' lang='lat' dir='ltr'>vel</span> <span class='ocrx_word' id='word_1_316' title='bbox 773 2401 863 2440; x_wconf 91' lang='lat' dir='ltr'>quoii</span> <span class='ocrx_word' id='word_1_317' title='bbox 964 2412 1027 2441; x_wconf 83' lang='lat'>933</span> <span class='ocrx_word' id='word_1_318' title='bbox 1052 2402 1197 2441; x_wconf 87' lang='lat' dir='ltr'>perdunt</span> <span class='ocrx_word' id='word_1_319' title='bbox 1220 2402 1284 2432; x_wconf 75' lang='lat' dir='ltr'>cod.</span> <span class='ocrx_word' id='word_1_320' title='bbox 1307 2404 1399 2434; x_wconf 59' lang='lat' dir='ltr'>(corr.</span> <span class='ocrx_word' id='word_1_321' title='bbox 1422 2402 1488 2443; x_wconf 56' lang='grc' dir='ltr'>ΒΞ)</span> 
     </span>
    </p>
   </div>
  </div>
 </body>
</html>
