1727 2702
124 106 188 146 Ill
225 106 255 144 ii
643 107 691 145 T.
724 106 904 146 MACCI
936 106 1139 145 PLAVTI

229 289 299 320 tun
321 282 412 320 med
433 281 617 320 indutum
639 280 757 320 fuisse
778 282 921 331 pallam
942 281 1174 331 praedicas?

231 349 299 385 PE.
332 360 406 397 ego
425 347 557 385 hercle
577 359 681 384 uero.
745 347 860 384 ΜΕΝ.
893 358 973 383 non
995 353 1035 384 tu
1055 345 1140 383 abis
1159 358 1241 395 quo
1261 345 1403 396 dignus
1423 347 1494 384 es?

163 429 209 463 50
227 420 295 451 aut
316 420 354 451 te
374 411 470 462 piari
491 410 594 459 iube,
617 412 740 449 homo
760 410 1031 449 insanissume.

229 479 298 516 PE.
330 489 548 527 numquam
570 477 712 526 edepol
733 475 942 526 quisquam
963 489 1026 514 me
1046 475 1221 515 exorabit
1241 476 1337 526 quin
1358 484 1448 514 tuae

228 543 338 582 uxori
358 555 440 581 rem
461 554 621 581 omnem
642 541 732 589 iam,
755 540 810 580 uti
830 540 878 579 sit
898 548 1016 591 gesta,
1039 543 1201 591 eloquar
1213 555 1224 589 ;

228 621 367 647 omnes
387 607 428 646 in
448 606 486 646 te
506 606 626 646 istaec
646 606 822 646 recident
843 606 1128 645 contumeliae:
1580 617 1646 654 520
1668 581 1683 707 Ι

230 675 319 712 faxo
339 674 446 712 haud
466 672 612 711 inultus
633 671 842 722 prandium
863 671 1149 711 comederis.—

227 215 356 255 omnis
377 215 566 255 cinaedos
587 229 674 256 esse
690 228 828 255 censes
849 215 942 265 quia
960 223 1002 254 tu
1022 214 1093 254 es?
1646 213 1695 411 ᾗ

1580 289 1648 326 514
1688 292 1696 300 ·

1665 412 1669 421 ι

1683 421 1692 445 Ι

1656 427 1677 445 s

1663 463 1673 484 b

1663 529 1677 550 p

1663 553 1680 578 2

1679 414 1681 424 ι

1686 458 1694 470 ὁ

1688 575 1693 587 Ι

1686 634 1691 646 0

1661 583 1668 600 ο

168 751 210 784 55
233 740 348 777 ΜΕΝ.
379 738 477 788 quid
498 738 575 776 hoc
595 736 653 776 est
673 737 835 788 negoti?
863 736 998 784 satine,
1016 736 1071 775 uti
1092 750 1292 787 quemque
1311 737 1530 787 conspicor,
1663 711 1687 787 ἶ

231 804 285 843 ita
305 817 369 843 me
388 803 623 843 ludificant?
651 804 721 842 sed
741 802 970 853 concrepuit
990 801 1148 841 ostium.
1670 828 1679 890 ξ

162 919 207 956 iii
459 919 714 955 ANC1LLA
826 917 1228 953 MENAECHMVS
1272 915 1324 953 II
1670 901 1678 914 ⁹

229 1002 307 1039 AN.
341 1000 616 1046 Menaechme,
638 1012 770 1037 amare
790 997 843 1036 ait
863 1005 902 1036 te
923 999 1089 1036 multum
1112 996 1303 1044 Erotium,
1671 1039 1678 1047 ι

229 1070 300 1106 †ut
320 1066 397 1104 hoc
417 1078 496 1103 una
515 1077 635 1115 opera
654 1064 705 1102 ad
725 1064 938 1101 auruficem
959 1063 1150 1109 deferas†,
1580 1069 1643 1106 525
1664 1051 1678 1107 ς’
1695 1095 1699 1101 ,

229 1138 349 1181 atque
369 1132 447 1169 huc
467 1137 510 1168 ut
529 1130 654 1168 addas
673 1128 755 1167 auri
775 1129 912 1179 pondo
938 1126 941 1179 Ι
968 1127 1124 1166 unciam
1672 1119 1683 1154 ἶ

231 1196 448 1246 iubeasque
468 1194 616 1245 spinter
637 1207 785 1232 nouom
806 1192 1128 1232 reconcinnarier.
1670 1190 1675 1213 l

193 1274 210 1305 5
233 1262 348 1299 MEN.
380 1267 418 1299 et
438 1259 538 1298 istuc
559 1267 597 1298 et
617 1259 724 1298 aliud
745 1258 776 1296 si
797 1258 892 1309 quid
913 1257 1035 1296 curari
1057 1259 1164 1296 uolet
1670 1232 1677 1327 ξ

232 1339 296 1365 me
315 1333 539 1364 curaturum
560 1324 692 1371 dicito,
715 1323 910 1374 quidquid
930 1324 1047 1361 uolet.

231 1393 309 1429 ΛΝ.
342 1390 424 1428 scin
445 1389 541 1440 quid
562 1390 638 1428 hoc
659 1388 707 1427 sit
728 1388 904 1438 spinter?
962 1389 1078 1425 ΜΕΝ.
1104 1387 1239 1426 nescio
1259 1388 1332 1426 nisi
1356 1401 1531 1427 aureum.
1578 1396 1647 1434 530
1672 1382 1673 1385 ’

231 1458 308 1494 ΑΝ.
341 1456 417 1494 hoc
437 1463 495 1494 est
516 1455 624 1504 quod
646 1453 740 1492 olim
762 1454 984 1492 clanculum
1006 1466 1052 1492 ex
1071 1453 1238 1491 armario

230 1528 269 1560 te
289 1520 533 1571 surrupuisse
552 1519 685 1558 aiebas
706 1518 814 1557 uxori
835 1526 936 1557 tuae.

174 1598 211 1622 ιο
233 1587 348 1624 ΜΕΝ.
385 1598 602 1635 numquam
633 1585 762 1623 hercle
792 1585 938 1622 factum
968 1590 1036 1622 est.
1113 1585 1192 1622 AN.
1222 1597 1302 1623 non
1333 1583 1557 1633 meministi,

1366 1662 1531 1699 opsecro
1544 1651 1561 1689 ?

230 1717 352 1755 redde
372 1715 486 1766 igitur
505 1715 662 1766 spinter,
686 1714 716 1753 si
738 1728 818 1754 non
840 1713 1064 1753 meministi.
1125 1715 1240 1752 ΜΕΝ.
1271 1727 1398 1753 mane.

230 1781 354 1820 immo
374 1780 560 1831 equidem
582 1780 755 1820 memini.
814 1792 958 1830 nempe
978 1780 1055 1818 hoc
1075 1787 1132 1817 est
1153 1780 1261 1829 quod
1282 1779 1337 1818 ilh'
1356 1780 1483 1820 dedei.
1579 1787 1642 1824 533

231 1847 353 1885 istuc:
385 1846 451 1885 ubi
468 1846 556 1885 illae
576 1846 749 1884 armillae
770 1853 859 1884 sunt
881 1858 978 1895 quas
999 1857 1077 1883 una
1097 1844 1244 1883 dedei?

233 1914 312 1950 AN.
343 1925 559 1961 numquam
582 1911 736 1950 dedisti.
798 1912 913 1949 ΜΕΝ.
945 1923 1036 1948 nam
1058 1911 1123 1960 pol
1145 1911 1221 1949 hoc
1242 1923 1364 1948 unum
1385 1910 1513 1950 dedei.

275 2014 340 2044 5¹3
363 2010 398 2036 tu
421 2005 499 2044 quia
523 2015 561 2035 cs
587 2004 796 2035 Camerarius
813 2004 860 2041 (A
886 2015 917 2036 n.
944 2004 982 2043 l.)
998 2005 1079 2043 sort.
1108 2007 1183 2034 recle
1281 2013 1355 2043 514.
1382 2014 1445 2043 515
1471 2009 1504 2034 tu
1524 2005 1556 2034 A

232 2058 294 2088 5¹7
322 2048 416 2079 iubes
433 2047 572 2086 Pylades
595 2049 641 2078 (A
669 2060 700 2080 n.
720 2049 758 2079 l.)
908 2058 966 2086 521
995 2048 1135 2079 inultum
1154 2047 1186 2077 Ρ
1296 2048 1509 2079 comedereis
1524 2048 1557 2078 A

232 2101 360 2131 522-37
385 2092 476 2122 initia
478 2093 549 2131 scre
563 2092 717 2131 leguntur
732 2093 762 2122 A
898 2102 961 2131 522
984 2101 1186 2131 quemquem
1218 2090 1250 2120 B
1369 2101 1432 2130 525
1455 2101 1558 2131 opera

231 2134 340 2178 (sibi)
361 2135 484 2175 Ussing
501 2135 600 2174 :sor!.
629 2146 733 2174 opera
751 2134 831 2176 (tu)
859 2136 976 2175 (opera
1001 2141 1062 2175 pro
1086 2139 1249 2175 operatu;
1279 2134 1296 2165 ἰ.
1326 2134 1362 2175 5)
1494 2137 1558 2174 526

234 2180 297 2210 huc
323 2179 448 2209 Ritschl
465 2190 472 2209 :
496 2179 585 2209 hunc
611 2179 690 2216 (ΒΓ)
710 2179 758 2208 ml
775 2189 861 2209 nunc
881 2179 969 2215 (PCD
987 2178 1050 2215 132)
1069 2178 1137 2209 cod.
1263 2177 1342 2220 (tu)
1366 2178 1478 2218 pondo
1495 2177 1555 2217 Py-

233 2221 340 2253 ludes:
366 2223 478 2261 pondo
496 2221 642 2264 (unam)
659 2221 780 2252 Pradcl
793 2221 831 2252 de
844 2227 952 2262 praep.
971 2232 1003 2261 p.
1021 2232 1084 2260 472
1184 2222 1248 2260 528
1273 2221 1361 2252 uolei
1379 2221 1412 2252 Ρ
1425 2225 1461 2251 ut
1475 2221 1554 2255 vid..

233 2266 265 2296 A
286 2277 317 2296 n.
335 2265 353 2296 l.
380 2271 471 2297 (corr.
493 2266 538 2296 3²
555 2266 604 2305 D)
746 2275 810 2304 530
833 2266 926 2296 scein
945 2266 976 2296 A
1077 2265 1165 2304 quod
1183 2265 1214 2295 Ρ
1311 2274 1373 2304 532
1399 2266 1512 2296 mebas
1528 2264 1561 2295 P

236 2311 327 2347 (corr.
346 2308 406 2348 13²)
542 2318 606 2348 533
632 2306 717 2348 non]
739 2318 851 2339 noenu
869 2308 985 2348 Bergk,
1009 2309 1062 2338 cm·
1081 2308 1190 2338 ln'atus
1212 2308 1246 2338 t'n
1265 2313 1374 2348 pausa
1397 2307 1558 2349 displicet:

234 2354 290 2383 vix
305 2362 417 2383 nonne
435 2356 509 2382 ante
530 2362 658 2384 conson.
792 2361 855 2391 534
880 2351 983 2382 redde
1009 2361 1073 2382 om.
1090 2352 1136 2390 A,
1156 2355 1193 2382 ut
1208 2351 1270 2383 vid.
1426 2361 1491 2391 535
1513 2351 1562 2382 vel

236 2396 301 2426 illic
411 2397 476 2435 536
499 2395 582 2426 istuc
598 2394 734 2426 ancillae
749 2394 804 2425 dat
821 2394 1007 2425 Lambinus
1073 2394 1158 2425 iclae
1175 2394 1208 2426 Ρ
1221 2396 1314 2436 (corr.
1334 2394 1396 2437 8²)
1465 2395 1559 2426 dedit

235 2439 274 2479 Ρ,
302 2439 334 2470 Α
354 2451 388 2470 n.
406 2439 425 2470 Ι.
447 2439 538 2481 (dedi
556 2437 615 2479 ΒΓ)
747 2448 808 2478 537
834 2448 899 2469 una
916 2438 1014 2478 P(a.r
1033 2448 1061 2469 v.
1082 2439 1160 2479 536)
