1727 2702
168 88 222 126 II.
244 89 275 125 ii
666 91 715 129 T.
746 89 928 130 MACCI
960 91 1164 129 PLAVTI

187 215 230 248 35
253 201 329 238 DE.
361 200 393 238 si
414 213 559 239 canum
580 213 650 239 seu
671 199 772 239 istuc
792 199 990 239 rutilumst
1011 200 1095 239 siue
1115 207 1290 248 atrumst‚
1313 213 1417 241 amo.

250 266 321 304 Lv.
351 265 531 304 ludificas
553 279 658 303 nunc
679 273 720 304 tu
743 278 807 304 me
827 264 928 312 heic,
950 264 1102 315 opinor,
1126 265 1341 317 Demipho.

249 332 324 368 DE.
357 330 498 369 decide
519 331 666 369 collum
687 330 805 369 stanti
825 330 857 369 si
878 331 1020 369 falsum
1040 331 1181 381 loquor
1197 345 1208 379 ;

246 397 320 443 uel,
344 403 386 434 ut
406 395 506 434 scias
527 409 590 435 me
609 409 752 444 amare,
774 409 873 447 cape
891 397 1072 443 cultrum,
1097 394 1176 449 [ac]
1198 410 1288 435 seca

246 460 413 510 digitum
434 462 498 500 uel
518 474 653 500 aurem
674 463 738 500 uel
759 469 801 500 tu
822 474 983 500 nassum
1001 462 1067 500 uel
1087 461 1241 500 labrum
1258 477 1267 500 ι
1598 475 1667 513 310
1686 511 1689 514 ῃ

185 541 229 574 40
246 525 301 564 sei
323 539 488 564 mouero
509 539 573 564 me
593 539 662 564 seu
683 526 806 565 secari
826 539 998 574 sensero,

247 591 493 641 Lysimache,
515 599 653 630 auctor
673 605 760 630 sum
781 599 823 630 ut
844 593 936 630 med
956 591 1328 631 amando—enices.

247 657 316 694 Lv.
349 656 379 694 si
401 669 592 706 umquam
613 656 767 695 uidistis
788 656 939 708 pictum
959 664 1188 704 amatorem,
1212 670 1276 696 em
1297 656 1376 695 illic
1396 664 1465 696 est.

245 734 338 759 nam
359 735 449 760 meo
470 721 633 772 quidem
653 721 788 760 animo
809 723 976 769 uetuluS,
999 721 1223 772 decrepitus
1243 734 1363 760 senex

245 786 475 825 tantidemst
495 787 608 838 quasi
628 787 677 825 sit
698 786 853 838 signum
874 786 1024 838 pictum
1044 785 1084 824 in
1105 786 1261 837 pariete.
1595 800 1636 835 3¹
1643 798 1661 837 5

182 866 224 897 45
246 852 322 889 DE.
354 865 461 890 nunc
481 859 523 890 tu
545 865 619 899 me,
642 853 773 899 credo,
796 851 985 902 castigare
1004 850 1163 901 cogitas.

244 918 314 955 LY.
347 930 448 966 egon
469 918 537 956 te?
595 919 670 955 DE.
705 916 802 955 nihil
822 924 881 956 est
901 917 978 955 iam
999 917 1108 966 quod
1129 923 1171 955 tu
1191 916 1288 955 mihi
1309 930 1561 957 suscenseas:

241 983 368 1021 fecere
389 983 465 1020 tale
483 989 576 1021 ante
596 981 685 1020 aliei
707 982 895 1032 spectatei
916 981 1023 1022 uirei.

242 1049 461 1086 humanum
482 1055 662 1095 amarest,
686 1049 907 1086 humanum
928 1057 1060 1087 autem
1082 1048 1286 1099 ignoscere
1306 1055 1363 1087 est
1383 1063 1390 1087 :

239 1112 496 1165 (humanum)
553 1128 571 1148 *
632 1128 651 1149 *
710 1127 729 1148 *
787 1121 906 1164 atque
926 1114 966 1153 id
987 1116 1026 1153 ui
1046 1114 1215 1165 optingit
1237 1115 1368 1153 deum.
1592 1114 1682 1161 320'
1713 1147 1715 1151 ,

181 1193 224 1224 50
243 1193 292 1218 ne
313 1179 364 1218 sis
386 1193 448 1218 me
469 1179 642 1230 obiurga,
666 1181 743 1218 hoc
763 1193 844 1218 non
866 1181 1049 1218 uoluntas
1070 1193 1133 1218 me
1153 1179 1318 1230 impulit.

243 1246 311 1283 Lv.
345 1244 441 1295 quin
463 1258 543 1283 non
565 1244 741 1295 obiurgo.
803 1246 878 1283 DE.
911 1253 950 1283 at
971 1258 1021 1284 ne
1041 1244 1275 1284 deteriorem
1295 1252 1428 1283 tamen

241 1311 317 1349 hoc
338 1311 442 1348 facto
462 1311 594 1349 ducas.
657 1312 726 1348 Lv.
758 1323 860 1360 egon
881 1311 952 1349 te?
979 1311 1042 1358 ah,
1065 1323 1115 1348 ne
1135 1309 1175 1348 di
1196 1309 1357 1348 siuerint
1376 1313 1382 1348 !

240 1377 316 1414 DE.
349 1375 441 1414 uide
479 1375 531 1414 sis
570 1376 692 1414 modo
730 1375 859 1414 etiam.
938 1376 1008 1414 Lv.
1049 1375 1226 1414 uisumst.
1299 1376 1374 1413 DE.
1406 1382 1538 1414 certen
1554 1377 1572 1413 Ρ

1250 1441 1319 1478 Lx’.
1352 1439 1473 1490 perdi'
1493 1453 1567 1479 me.

240 1506 303 1545 hic
323 1508 446 1545 homo
467 1520 513 1544 ex
532 1519 666 1545 amore
687 1505 842 1545 insanit.
901 1505 1096 1556 numquid
1117 1505 1209 1544 uis?
1267 1506 1342 1543 DE.
1374 1506 1472 1543 uale.
1590 1515 1656 1552 325

176 1592 216 1624 55
240 1574 309 1610 Lv.
341 1573 392 1611 ad
412 1580 570 1622 portum
590 1585 770 1622 propero,
793 1585 884 1610 nam
905 1571 960 1610 ibi
981 1571 1077 1610 mihi
1097 1570 1299 1621 negotium
1319 1577 1388 1609 est.

241 1640 315 1677 DE.
349 1639 451 1677 bene
471 1638 684 1677 ambulato.
747 1639 815 1676 Lv.
847 1638 950 1677 bene
971 1639 1207 1676 nale—DE.
1242 1637 1341 1676 bene
1362 1636 1410 1675 sit
1430 1636 1512 1675 tibi.

237 1703 334 1754 quin
356 1703 451 1741 mihi
472 1716 633 1753 quoque
653 1702 810 1741 etiamst
828 1703 880 1741 ad
901 1710 1058 1753 portum
1082 1702 1295 1753 negotium.

237 1781 344 1806 nunc
363 1769 465 1806 adeo
485 1767 552 1806 ibo
573 1767 675 1806 illuc.
735 1769 805 1806 sed
826 1775 989 1818 optume
1008 1775 1170 1818 gnatum
1193 1781 1324 1806 meum

237 1834 355 1873 uideo
393 1846 543 1871 eccum.
603 1832 783 1883 opperiar
821 1832 1036 1872 hominem.
1095 1833 1172 1871 hoc
1211 1845 1316 1871 nunc
1351 1832 1447 1870 mihi
1481 1832 1568 1871 uiso
1587 1843 1656 1878 330
1703 1867 1707 1870 ,

1437 1905 1565 1948 opust,
1704 1890 1706 1894 ⁵

280 2005 344 2043 306
367 2003 509 2044 displicet
533 2007 594 2034 seu
619 2004 704 2035 istuc
797 2003 881 2044 fort.
905 2007 999 2034 seust
1016 2003 1078 2034 hoc
1096 2002 1230 2034 rutilum
1248 2002 1336 2043 (-urn
1353 2002 1397 2040 P>
1501 2011 1565 2042 307

235 2049 285 2079 vel
297 2048 399 2087 opino
489 2048 555 2087 308
571 2048 601 2079 d.
617 2058 643 2078 c.
659 2048 686 2079 si
699 2047 819 2078 salsum
834 2047 912 2078 stati
923 2047 1042 2086 loquar
1057 2045 1091 2077 P
1175 2056 1241 2086 309
1256 2057 1294 2077 ac
1306 2056 1371 2077 om.
1386 2045 1418 2076 P
1501 2055 1566 2085 312

223 2092 305 2132 sort.
321 2090 368 2122 uti
387 2101 440 2122 me
457 2102 485 2122 a.
580 2101 643 2131 314
662 2090 812 2132 uetulus]
831 2091 931 2131 plane
945 2091 978 2120 A
999 2092 1020 2130 (‘
1032 2090 1123 2130 quod
1135 2090 1183 2121 ad
1196 2090 1393 2121 tantidemst
1405 2089 1562 2130 pertinet’

234 2134 317 2176 Leo)
464 2145 538 2175 319,
569 2145 634 2174 320
659 2135 840 2165 humanum
867 2138 1014 2165 amai-est
1039 2135 1222 2164 humanum
1249 2138 1360 2163 autem
1390 2133 1564 2172 ignoscere

235 2184 286 2210 est
301 2179 334 2210 P
349 2191 355 2210 :
380 2180 561 2210 humanum
580 2183 726 2209 amarest
743 2183 844 2218 atque
862 2178 960 2219 (tpro
975 2177 1081 2217 atqui)
1111 2178 1143 2208 id
1161 2176 1214 2208 uel
1233 2177 1316 2217 (pro
1333 2176 1403 2215 uei)
1420 2175 1564 2226 optingit

235 2236 334 2266 deum
359 2235 392 2265 A
420 2238 534 2265 utrum
562 2233 775 2274 discrepantia
802 2232 941 2264 lectionis
965 2231 1103 2272 antiqua
1123 2231 1165 2261 sit
1188 2232 1239 2272 (ut
1262 2231 1295 2261 in
1319 2240 1394 2271 251,
1417 2230 1563 2270 269-71)

235 2290 280 2310 an
306 2290 344 2309 ex
366 2279 540 2308 omissione
567 2281 638 2307 orta
665 2277 729 2316 (iii.
762 2286 810 2312 11,
835 2286 866 2315 p.
884 2277 940 2316 51)
957 2276 1115 2306 incertum
1269 2283 1398 2313 322—57
1423 2273 1506 2304 deest
1528 2273 1562 2303 A

235 2333 299 2361 322
321 2323 377 2361 qui
394 2321 459 2352 cod.
573 2330 637 2360 323
661 2330 773 2360 egone
790 2320 912 2351 athene
929 2319 1116 2350 desiuerint
1133 2317 1198 2349 cod.
1217 2329 1224 2349 :
1251 2328 1332 2348 corr.
1355 2316 1565 2348 Camerarius

237 2367 271 2403 (i.
292 2368 327 2405 6)
461 2375 523 2404 327
551 2364 665 2395 ualcto
683 2365 746 2404 (-te
763 2362 809 2402 Β)
826 2363 890 2393 cod.
1026 2372 1092 2401 330
1116 2362 1219 2392 uisost
1235 2371 1321 2401 opus
1337 2360 1402 2392 cod.
1420 2359 1521 2401 (illud
1533 2364 1564 2390 st

235 2409 420 2450 saepissime
436 2407 670 2448 tramposimm
687 2410 733 2438 est
747 2408 780 2437 in
797 2406 897 2437 codice
912 2406 945 2436 P
