1727 2712
670 109 989 148 MERCATOR
1445 108 1492 143 V.
1515 106 1545 142 ii

474 222 772 260 EVTYCHvs
882 222 1180 260 CHARles
1514 220 1544 255 ii

165 285 237 323 Ev.
266 284 415 324 Diuom
435 293 554 336 atque
575 286 782 325 hominum
803 299 905 336 quae
925 285 1112 336 speratrix
1130 293 1249 334 atque
1269 298 1334 322 era
1353 285 1494 322 eadem

1190 362 1231 387 es
1252 347 1492 391 hominibus,

163 428 274 465 spem
295 422 489 465 speratam
511 429 632 465 quom
653 414 830 466 optulisti
850 415 953 453 hanc
973 413 1070 452 mihi
1089 412 1206 463 gratis
1226 426 1311 462 ago.

162 479 393 530 ecquisnam
413 481 511 519 deus
532 488 590 518 est
610 480 678 530 qui
700 493 788 518 mea
807 493 914 518 nunc
934 481 1058 517 laetus
1079 477 1225 517 laetitia
1245 478 1356 516 fuat?

76 549 141 593 845
163 545 271 583 domi
293 545 374 583 erat
394 546 503 595 quod
524 545 795 595 quaeritabam
812 560 819 583 ε
850 558 917 582 sex
937 543 1082 582 sodalis
1103 542 1266 593 repperi,

162 609 294 657 uitam,
318 609 543 657 amicitiam,
566 610 780 657 ciuitatem,
803 609 1001 655 laetitiam,
1025 610 1174 655 ludum,
1198 608 1330 646 iocum
1345 622 1356 655 3
1515 624 1534 656 5

162 689 298 714 eorum
319 676 484 715 inuentu
505 690 564 715 res
586 676 719 714 simitu
739 689 944 726 pessumas
964 688 1123 725 pessum
1145 674 1249 721 dedi,

161 740 268 787 iram,
292 741 548 789 inimicitiam,
572 754 802 788 maerorem,
824 742 1028 787 lacrumas,
1051 739 1242 786 exsilium,
1265 738 1451 789 inopiam,

163 805 427 852 solitudinem,
452 806 668 853 stultitiam,
692 806 864 852 exitium,
888 804 1156 855 pertinaciam.

75 877 144 920 850
161 871 263 918 date,
286 871 338 918 di,
361 885 508 921 quaeso
529 870 803 910 conueniundi
823 870 920 908 mihi
941 870 1023 909 eius
1043 871 1211 908 celerem
1232 868 1399 920 copiam.

162 936 240 975 CH.
266 944 474 986 apparatus
496 950 581 974 sum
604 944 646 974 ut
667 936 835 975 uidetis:
864 935 994 974 abicio
1015 935 1237 985 superbiam
1255 949 1263 982 3
1514 948 1553 972 10

161 1009 318 1052 egomet
339 1001 434 1039 mihi
455 1014 601 1048 comes,
624 1003 781 1047 calator,
806 1014 942 1051 equos,
964 1014 1092 1051 agaso,
1121 999 1125 1047 Ι
1151 1000 1327 1049 armiger,

162 1073 318 1116 egomet
339 1080 425 1104 sum
447 1066 543 1104 mihi
564 1067 786 1116 imperator,
810 1066 916 1105 idem
938 1073 1093 1116 egomet
1114 1065 1210 1103 mihi
1231 1063 1414 1112 oboedio,

163 1137 318 1180 egomet
339 1130 436 1168 mihi
456 1132 538 1170 fero
559 1132 668 1181 quod
689 1139 811 1170 usust.
871 1145 895 1169 o
916 1131 1087 1180 Cupido,
1110 1138 1279 1181 quantus
1300 1133 1360 1168 es!

75 1201 140 1246 855
162 1208 254 1233 nam
276 1203 317 1233 tu
337 1195 518 1245 quemuis
539 1197 808 1235 confidentem
830 1195 943 1234 facile
964 1195 1039 1233 tuis
1060 1194 1170 1233 factis
1191 1194 1297 1242 facis,

161 1260 333 1298 eundem
354 1274 401 1299 ex
421 1261 647 1299 confidente
667 1268 844 1299 actutum
866 1259 1111 1299 diffidentem
1133 1261 1276 1298 denuo.
1512 1274 1552 1307 15

162 1326 234 1364 Ev.
266 1325 396 1376 cogito
431 1340 605 1376 quonam
640 1340 714 1377 ego
748 1326 858 1366 illum
892 1339 1044 1365 curram
1078 1325 1350 1375 quaeritatum.
1411 1327 1488 1365 CH.

1292 1399 1396 1430 certa
1416 1397 1493 1429 rest

161 1470 225 1495 me
246 1470 369 1507 usque
391 1470 577 1507 quaerere
598 1457 704 1495 illam
725 1470 889 1507 quoquo
910 1458 1003 1495 hinc
1020 1457 1231 1495 abductast
1251 1456 1427 1506 gentium
1442 1471 1452 1504 3

161 1536 290 1572 neque
312 1522 407 1559 mihi
429 1524 507 1560 ulla
528 1522 692 1572 opsistet
712 1522 840 1560 amnis
861 1536 934 1560 nec
951 1535 1065 1559 mons
1086 1534 1216 1571 neque
1236 1522 1338 1560 adeo
1359 1534 1465 1560 mare

70 1591 140 1628 860
160 1601 233 1625 nec
254 1588 360 1626 calor
379 1600 452 1626 nec
475 1587 594 1637 frigus
612 1595 747 1625 metuo
763 1600 893 1637 neque
910 1594 1074 1624 uentum
1090 1599 1220 1636 neque
1235 1585 1467 1636 grandinem
1481 1601 1493 1635 3

159 1652 326 1690 imbrem
348 1651 551 1702 perpetiar,
575 1652 750 1690 laborem
773 1652 966 1697 sufferam,
990 1651 1125 1697 solem,
1148 1649 1251 1688 sitim
1266 1664 1277 1698 3
1514 1665 1553 1686 20

160 1731 241 1755 non
262 1719 480 1756 concedam
503 1731 633 1767 neque
654 1716 857 1766 quiescam
879 1717 1046 1766 usquam
1067 1723 1188 1754 noctu
1209 1729 1339 1766 neque
1360 1715 1448 1755 dius

160 1781 256 1831 priu'
277 1783 454 1832 profecto
475 1795 594 1832 quam
615 1790 682 1819 aut
702 1781 871 1819 amicam
891 1788 959 1819 aut
980 1788 1147 1819 mortem
1168 1780 1466 1831 inuestigauero.

162 1848 234 1885 Ev.
267 1847 523 1898 nescioquoia
543 1860 621 1886 uox
640 1848 691 1886 ad
712 1846 815 1885 auris
836 1846 890 1884 mi
910 1845 1123 1884 aduolauit.
1185 1847 1262 1885 CH.
1295 1845 1440 1887 inuoco

73 1918 139 1963 865
160 1926 242 1960 uOS,
267 1915 385 1952 Lares
406 1912 539 1960 uiales,
562 1920 605 1951 ut
626 1926 690 1951 me
710 1912 812 1951 bene
834 1911 977 1950 tutetis.
1038 1912 1110 1949 Ev.
1144 1910 1344 1961 Iuppiter!

202 2018 274 2055 842,
295 2018 358 2056 843
387 2016 440 2058 (cf.
468 2027 519 2047 vv.
553 2013 666 2055 598³b)
693 2015 750 2047 del.
778 2015 882 2046 Bothe
1025 2015 1088 2053 842
1114 2014 1307 2054 superatrix
1335 2015 1490 2047 Ribbeck:

158 2061 331 2091 seruatrix
346 2060 610 2091 Redslob(L1'ter.
628 2059 797 2090 Centralbl.
821 2060 913 2098 1895,
935 2069 966 2097 p.
989 2059 1085 2097 1761)
1185 2059 1339 2088 omnibus
1355 2058 1494 2090 Ribbeck

157 2105 221 2143 843
246 2113 345 2143 quam
359 2103 425 2134 cod.
472 2104 551 2134 mihi
563 2102 667 2146 (tibi)
679 2103 747 2134 edd.
766 2104 819 2143 (ex
831 2113 860 2133 v.
873 2100 969 2142 59812)
1016 2103 1079 2140 844
1099 2101 1155 2131 fiat
1169 2102 1241 2141 (fiet
1253 2101 1299 2142 Β)
1314 2102 1378 2132 cod.
1396 2103 1440 2143 (v.
1456 2103 1491 2143 7)

158 2149 220 2187 847
246 2148 389 2178 inuentu
408 2158 461 2177 res
474 2148 685 2178 Camerarius
701 2159 707 2177 ι
733 2147 934 2176 inuenturos
954 2145 1055 2177 (pcD,
1071 2145 1120 2174 vel
1138 2145 1281 2175 inuentu
1298 2150 1328 2176 st
1346 2145 1404 2185 (Β)
1424 2144 1487 2177 cod.

158 2193 223 2229 849
242 2195 318 2231 post
328 2191 416 2221 hunc
424 2202 451 2222 v.
464 2191 619 2221 lacunam
631 2191 714 2230 sagn.
727 2189 854 2220 Rz'tschl
911 2191 976 2228 850
997 2189 1046 2219 vel
1064 2189 1108 2218 mi
1180 2190 1244 2227 852
1261 2199 1363 2227 agaso
1373 2188 1492 2233 (sum)

158 2234 287 2265 Ritschl
371 2235 434 2274 857
460 2244 514 2265 res
531 2234 590 2264 alii
600 2232 650 2272 ¹1ss-
664 2233 746 2264 adv.
760 2234 839 2272 847)
929 2234 994 2272 859
1017 2231 1161 2262 obstabit
1179 2233 1274 2270 (mit)
1291 2232 1380 2264 codd.
1391 2233 1495 2264 Nonii

161 2287 218 2317 191
289 2283 390 2318 atque
403 2279 489 2309 adeo
501 2277 588 2308 codd.
599 2277 703 2307 Nom'z'
795 2278 860 2307 860
884 2277 974 2307 calos
992 2276 1024 2306 ‘'1'.
1038 2286 1061 2306 e.
1077 2275 1185 2313 calus)
1201 2275 1352 2306 Gandino
1368 2288 1375 2307 z
1399 2277 1491 2308 calor

160 2323 303 2362 ‘generis
329 2323 454 2353 neutri’
486 2325 625 2352 testatur
652 2320 783 2351 Nonius
807 2331 873 2351 200
991 2330 1101 2358 neque
1128 2319 1232 2358 frigus
1261 2330 1372 2359 neque
1400 2321 1490 2351 calor

156 2365 251 2396 schol.
273 2365 384 2406 Georg.
402 2377 432 2405 2,
451 2376 525 2405 344,
544 2364 631 2395 codd.
651 2363 755 2394 Nonii
779 2363 955 2399 (calorem)
1088 2363 1152 2393 862
1176 2372 1339 2402 nusquam
1360 2363 1488 2395 Habich

157 2409 214 2439 diu
231 2408 362 2439 Nonius
376 2410 419 2449 98
553 2409 616 2447 865
641 2408 747 2438 diales
762 2407 853 2438 codd.
870 2405 974 2437 Nonii
988 2407 1052 2444 476

200 2461 321 2484 PLAVT.
338 2462 350 2482 1
1357 2452 1396 2481 31
