1727 2712
609 90 965 132 MENAECHMI
1236 102 1239 106 ·
1376 93 1457 133 ΙΙΙ.
1476 93 1514 132 iii

121 204 202 242 AN.
231 203 361 243 dicam
383 205 546 243 curare?
603 205 718 242 ΜΕΝ.
750 203 895 243 dicito:
925 202 1135 243 curabitur.
1476 217 1515 249 15

18 282 103 319 9-40
121 275 159 306 et
179 269 282 318 palla
301 276 340 307 et
359 269 507 318 spinter
526 270 615 309 faxo
632 270 850 309 reserantur
869 268 998 307 simul.

120 333 199 370 AN.
229 334 384 381 amabo,
408 334 461 371 mi
483 336 758 382 Menaechme,
781 333 926 372 inauris
946 335 997 373 da
1017 333 1114 372 mihi

119 397 318 436 faciendas
339 400 476 449 pondo
495 401 617 438 duom
640 413 859 446 nummum,
884 399 1095 449 stalagmia,

119 470 161 501 ut
182 470 219 502 te
239 464 420 503 lubenter
440 464 609 511 uideam,
633 478 754 515 quom
775 466 826 503 ad
847 478 919 503 nos
940 464 1105 504 ueneris.

121 529 236 566 MEN.
268 530 347 567 fiat.
405 531 504 568 cedo
524 543 688 577 aurum,
716 544 790 580 ego
810 529 1100 579 manupretium
1122 530 1240 568 dabo.
1473 547 1512 568 20

0 604 97 641 545
119 594 198 630 AN.
230 594 282 631 da
302 595 418 632 sodes
438 608 507 644 aps
529 603 590 633 te:
621 603 733 645 poste
754 595 965 634 reddidero
985 594 1069 633 tibi.

121 658 238 696 MEN.
268 657 391 697 immo
411 660 512 698 cedo
532 673 602 710 aps
624 668 682 698 te:
716 673 789 710 ego
810 667 899 709 post
920 659 990 698 tibi
1011 660 1175 698 reddam
1197 660 1352 709 duplex.

118 724 198 761 AN.
230 736 311 762 non
331 724 471 762 habeo.
530 726 644 763 ΜΕΝ.
677 725 716 763 at
736 733 790 773 tu,
812 726 975 775 quando
995 724 1172 771 habebis,
1195 731 1278 762 tum
1300 725 1405 762 dato.

118 789 197 826 AN.
246 788 442 839 numquid
489 787 585 843 [me]
631 790 690 829 uis
704 791 720 828 ?
734 814 787 818 —-
804 791 920 829 ΜΕΝ.
970 791 1068 828 haec
1116 803 1179 827 me
1227 795 1451 826 curaturum

116 893 119 896 ,
1274 852 1451 891 dicito—

119 926 161 957 ut
181 927 373 969 quantum
394 920 545 970 possint
566 920 713 971 quique
733 921 878 960 liceant
897 928 1081 959 ueneant.
1474 930 1512 960 ²5

33 995 100 1033 550
119 984 249 1024 iamne
269 985 498 1024 introabiit?
525 986 632 1033 abiit,
655 986 809 1036 operuit
828 991 943 1025 tores.

117 1049 158 1088 di
178 1063 242 1089 me
263 1050 425 1101 quidem
445 1064 584 1089 omnes
605 1051 806 1098 adiuuant,
828 1059 984 1101 augent,
1005 1057 1151 1089 amant.

117 1116 187 1154 sed
208 1115 304 1166 quid
325 1129 398 1166 ego
418 1129 541 1163 cesso,
564 1117 661 1154 dum
681 1118 795 1155 datur
815 1116 868 1154 mi
889 1115 1046 1155 occasio

118 1187 364 1231 tempusque,
386 1180 494 1220 abire
513 1181 564 1219 ab
585 1181 645 1219 his
665 1181 761 1219 locis
782 1181 1007 1220 lenonieis?

117 1259 296 1296 propera,
317 1247 592 1294 Menaechme,
615 1247 671 1285 fer
690 1247 846 1296 pedem,
868 1245 1003 1285 confer
1021 1247 1198 1297 gradum.
1469 1256 1510 1287 30

33 1318 97 1355 555
118 1312 277 1350 demam
297 1313 400 1350 hanc
419 1325 606 1350 coronam
627 1320 746 1362 atque
765 1311 933 1350 abiciam
953 1313 1005 1351 ad
1024 1314 1179 1350 laeuam
1200 1324 1374 1359 manum,

118 1383 171 1424 ut,
194 1374 350 1429 si[quis]
371 1385 584 1427 sequantur
604 1391 678 1424 me,
701 1378 775 1415 hac
794 1377 937 1416 abiisse
957 1384 1155 1416 censeant.

117 1441 184 1481 ibo
205 1450 243 1481 et
263 1443 499 1482 conueniam
520 1457 676 1482 seruom
697 1443 728 1481 si
749 1451 886 1493 potero
907 1457 1052 1490 meum,

117 1515 160 1546 ut
179 1509 288 1556 haee,
312 1522 412 1559 quae
433 1509 539 1547 bona
559 1509 655 1547 dant
675 1508 716 1547 di
739 1507 846 1555 mihi,
874 1507 878 1560 Ι
905 1522 952 1547 ex
972 1522 1035 1547 me
1056 1507 1220 1546 sciat.—

160 1623 224 1652 54ο
247 1613 444 1653 referatur)
461 1613 494 1643 A
565 1614 694 1652 54ῑ-58
706 1618 871 1654 perpauca
891 1613 1047 1654 leguntur
1060 1612 1095 1642 in
1112 1612 1144 1642 A
1215 1622 1279 1651 542
1297 1611 1448 1643 facienda

115 1656 255 1696 Pylades
363 1657 541 1696 statagmia
558 1658 597 1697 P,
615 1658 647 1687 A
669 1669 700 1688 n.
716 1657 735 1688 l.
866 1666 930 1695 543
953 1666 1051 1696 quam
1068 1656 1109 1694 P,
1128 1655 1161 1685 A
1181 1666 1211 1686 n.
1229 1655 1249 1686 l.
1269 1656 1361 1695 (corz.
1382 1655 1448 1695 32)

116 1704 175 1730 aut
183 1710 260 1740 545-
261 1712 289 1740 -7
307 1705 367 1731 aut
382 1710 467 1740 544—
448 1702 490 1731 -6
512 1712 576 1732 om.
590 1681 626 1730 A
641 1705 676 1731 ut
686 1701 748 1732 vid.
774 1701 920 1741 (propter
933 1700 1129 1735 homoeotel.)
1241 1708 1304 1739 545
1328 1699 1378 1729 vel
1391 1700 1447 1729 ted

116 1748 192 1783 post
208 1744 297 1776 cod.:
321 1744 428 1787 (ego)
454 1750 531 1784 post
547 1744 694 1784 Pylades,
709 1744 835 1774 Rt'tsclzl
929 1745 993 1782 546
1009 1743 1058 1774 vel
1071 1743 1128 1773 ted
1229 1743 1294 1782 548
1319 1753 1372 1773 me
1389 1742 1450 1773 del.

116 1786 298 1825 Act'dathus
329 1799 410 1818 nam
439 1788 600 1827 numquid
625 1792 809 1828 suspectum
943 1796 1008 1826 550
1031 1787 1140 1817 iamne
1167 1786 1248 1817 abiit
1271 1787 1361 1817 intro
1386 1785 1444 1825 132,

116 1831 150 1861 A
171 1841 203 1862 n.
223 1831 242 1863 Ι.
328 1832 505 1871 posthunc
525 1842 655 1862 versum
678 1832 810 1871 vesttgia
834 1831 965 1861 alten'us
988 1834 1148 1871 apparent
1167 1831 1199 1860 in
1216 1830 1248 1859 A
1383 1839 1445 1870 551

117 1874 252 1914 quidem
269 1875 422 1915 Bently·
416 1900 422 1905 .
447 1875 603 1914 equidem
620 1874 659 1910 P,
679 1875 711 1904 A
731 1886 763 1906 n.
782 1875 803 1905 l.
912 1884 975 1914 554
1000 1874 1114 1915 profer
1130 1884 1179 1912 gr.
1198 1873 1282 1904 Brix
1383 1883 1447 1913 555

117 1918 204 1949 hanc
220 1917 308 1949 codd.
327 1918 530 1958 Nom'i519.
523 1930 530 1936 ·
563 1929 628 1949 om.
649 1918 689 1955 P,
705 1919 737 1948 A
758 1929 788 1949 n.
810 1919 828 1949 Ι.
944 1920 1009 1958 556
1032 1919 1059 1948 si
1086 1922 1271 1957 sequentur
1295 1916 1446 1948 Nomus:

118 1962 146 1992 si
174 1963 231 2001 qui
254 1962 470 2002 sequaturP,
497 1962 530 1991 A
557 1973 587 1992 n.
612 1962 652 1993 l.:
677 1968 861 2002 sequentur
888 1963 1050 2003 tmprobat
1080 1962 1201 1993 Thulin
1227 1961 1264 1991 de
1289 1962 1445 1993 conz'unct.

118 2015 149 2045 p.
173 2007 233 2044 146
320 2016 374 2035 me
398 2006 462 2036 hac
486 2005 572 2035 codd.
594 2005 717 2036 Nom‘z:
742 2006 836 2036 hec
830 2017 921 2038 corr.
944 2006 1005 2042 5²)
1032 2017 1083 2036 me
1101 2005 1141 2044 P,
1161 2006 1193 2035 A
1213 2017 1245 2036 n.
1263 2005 1287 2035 l.
1366 2004 1446 2043 fort.

117 2053 155 2079 ut
180 2060 215 2079 tn
233 2049 306 2089 fine
327 2060 356 2080 v.
381 2058 444 2089 555
470 2049 639 2079 collocanti.
667 2049 716 2090 (A
737 2060 768 2080 n.
788 2050 828 2090 l.)
859 2049 930 2081 (sed
948 2050 984 2089 cf.
1008 2048 1181 2090 &dgten‘
1197 2049 1289 2080 Pan.
1320 2048 1444 2089 Copul.'

117 2102 150 2131 p.
172 2093 242 2132 33),
272 2103 353 2123 nam
384 2093 524 2133 displzcet
547 2093 653 2132 slquis
683 2103 802 2123 necnon
833 2091 939 2132 siquis
968 2096 1130 2132 sequatur
1271 2094 1335 2132 558
1358 2092 1447 2123 bona

117 2134 241 2179 (boni)
257 2136 430 2168 Fleckeisen
521 2146 574 2167 me
591 2135 698 2178 (iam)
726 2137 809 2167 sciat
835 2136 988 2176 Bentley.
1003 2138 1083 2176 sort.
1105 2136 1182 2166 med
1199 2133 1272 2179 (is)
1289 2136 1374 2167 sciat
