1727 2712
629 307 1010 357 PROLOGVS

155 438 249 476 Hoc
267 436 370 487 agite
391 436 513 483 sultis,
535 443 784 487 spectatores,
809 434 1005 482 nunciam,

153 514 255 552 quae
275 501 436 552 quidem
458 501 555 539 mihi
575 509 694 551 atque
714 500 829 539 uobis
850 514 910 539 res
930 507 1059 539 uortat
1079 500 1183 539 bene

151 566 337 617 gregique
357 566 449 605 huic
470 574 508 605 et
529 565 703 605 dominis
722 574 841 616 atque
862 565 1182 604 conductoribus.

153 633 237 672 face
258 631 445 670 nunciam
465 639 521 680 tu,
541 644 694 682 praeco,
719 644 878 669 omnem
899 631 1068 669 auritum
1090 632 1264 681 poplum.

116 710 133 746 5
152 710 224 747 age
244 709 350 735 nunc
370 696 509 744 reside,
532 709 630 736 caue
651 698 773 736 modo
793 710 843 735 ne
862 696 1005 746 gratiis.

154 775 260 801 nunc
280 762 378 813 quid
397 762 655 813 processerim
676 763 754 800 huc
774 770 813 801 et
834 761 931 812 quid
952 762 1005 800 mi
1027 761 1220 800 uoluerim

153 827 283 866 dicam
300 843 307 866 :
338 834 381 865 ut
401 827 549 866 sciretis
570 840 718 866 nornen
739 827 869 865 huiius
890 827 1045 865 fabulae
1061 841 1070 872 ;

153 906 244 931 nam
267 894 376 943 quod
395 893 446 932 ad
466 901 741 943 argumentum
762 892 912 939 attinet,
935 905 1029 931 sane
1050 892 1217 932 breuest.

154 971 260 996 nunc
282 959 391 1008 quod
412 971 476 997 me
496 957 576 996 dixi
597 959 698 996 uelle
719 957 833 996 uobis
854 957 986 996 dicere

93 1037 136 1063 10
154 1023 283 1062 dicam
301 1039 307 1061 ε
338 1024 431 1062 huic
451 1036 599 1062 nomen
619 1036 757 1073 graece
777 1024 955 1073 Onagost
976 1027 1157 1071 fabulae3

155 1088 419 1139 Demophilus
440 1088 604 1139 scripsit,
630 1090 793 1126 Maccus
815 1087 933 1126 uortit
954 1088 1144 1136 barbare3

152 1152 374 1191 Asinariam
396 1155 479 1191 uolt
501 1166 595 1199 esse,
620 1153 650 1191 si
672 1166 740 1203 per
760 1166 832 1192 uos
853 1153 954 1191 licet.

153 1217 255 1257 inest
275 1219 385 1268 lepos
405 1219 602 1268 ludusque
623 1217 663 1255 in
684 1219 758 1255 hac
778 1217 997 1264 comoedia,

154 1282 317 1321 ridicula
338 1295 397 1320 res
418 1291 488 1321 est.
547 1284 637 1321 date
659 1282 829 1332 benigne
850 1295 1008 1332 operam
1031 1281 1128 1321 mihi

94 1360 133 1398 15
154 1356 196 1387 ut
217 1361 300 1395 uos,
324 1355 366 1386 ut
385 1347 491 1395 alias,
515 1348 657 1398 pariter
677 1361 783 1385 nunc
806 1348 913 1385 Mars
933 1347 1105 1388 adiuuet.

668 1484 904 1533 ACTVS
955 1486 973 1532 Ι

446 1589 697 1627 L1BAst
810 1588 1197 1625 DEMAENETvs

155 1677 216 1715 L1.
248 1676 357 1715 Sicut
378 1684 488 1715 tuom
509 1676 568 1715 uis
589 1675 752 1714 unicum
773 1682 935 1725 gnatum
958 1682 1048 1713 tuae

154 1754 357 1791 superesse
379 1741 483 1780 uitae
504 1740 692 1791 sospitem
715 1748 752 1778 et
774 1739 1035 1790 superstitem,

153 1807 207 1846 ita
226 1808 293 1846 ted
314 1814 490 1857 optestor
510 1820 579 1857 per
599 1813 843 1845 senectutem
866 1813 973 1844 tuam

153 1885 301 1922 perque
321 1872 427 1910 illam
449 1884 568 1922 quam
590 1879 632 1910 tu
654 1871 796 1910 metuis
817 1883 978 1909 uxorem
1001 1878 1121 1918 tuam,

91 1953 136 1978 20
154 1937 186 1975 si
206 1936 302 1987 quid
324 1938 416 1975 med
437 1949 526 1987 erga
553 1937 557 1987 Ι
583 1936 703 1975 hodie
724 1937 865 1974 falsum
887 1935 1040 1981 dixeris,

155 2010 197 2040 ut
217 2001 288 2040 tibi
309 2009 504 2052 superstes
526 2015 622 2040 uxor
641 2009 810 2040 aetatem
831 2001 904 2039 siet

154 2075 273 2118 atque
293 2067 358 2106 illa
378 2067 470 2106 uiua
490 2067 603 2105 uiuos
625 2074 666 2105 ut
687 2074 839 2117 pestem
860 2073 1035 2117 oppetas.

199 2181 219 2211 3
243 2175 406 2212 gregique
438 2175 620 2212 suspectum
719 2176 753 2203 et
771 2171 852 2210 sort.
882 2170 1004 2201 delend.
1111 2170 1246 2201 domino
1275 2169 1486 2201 Cameram'us

156 2226 175 2254 4
201 2216 360 2246 nunciam
378 2214 501 2256 Linge:
528 2216 593 2246 iam
619 2225 708 2246 nunc
733 2213 798 2246 cod.
912 2216 968 2245 vix
984 2225 1014 2245 0.
1033 2214 1203 2254 praedico,
1223 2214 1359 2253 antiqua
1365 2214 1485 2252 forma

160 2269 198 2290 10
221 2259 272 2290 vel
285 2260 362 2290 huic
491 2269 526 2289 11
554 2258 704 2290 Maccius
720 2257 848 2289 Ritschl
974 2268 1011 2296 15
1037 2263 1072 2288 ut
1089 2257 1131 2288 al.
1149 2256 1234 2288 Leo:
1260 2258 1339 2287 item
1357 2256 1388 2288 al
1417 2257 1482 2288 cod.

156 2304 202 2343 (v.
229 2304 260 2342 1)
423 2313 466 2334 20
488 2303 569 2342 quid
595 2308 631 2333 tu
660 2312 703 2334 m.
728 2302 878 2334 Mahler:
913 2302 1092 2341 quidquam
1120 2311 1162 2331 m.
1191 2299 1326 2331 Mueller
1349 2301 1481 2341 (Rlzein.

156 2345 242 2378 Mus.
263 2356 312 2387 54,
333 2347 415 2387 383)
519 2347 575 2377 vix
589 2356 692 2386 erega
710 2346 833 2387 (-rig·),
842 2346 961 2385 forma
977 2345 1115 2386 antiqua
