1727 2702
131 139 208 176 III.
230 139 260 175 ii
644 138 691 176 T.
725 137 905 176 MACCI
938 137 1142 176 PLAVTI

181 293 211 331 ii
546 290 859 327 ALCVMENA
972 287 1248 325 vaplrssn

230 387 303 423 AL.
340 386 491 423 Durare
512 395 668 433 nequeo
690 381 728 419 in
750 381 926 420 aedibus.
987 380 1042 419 ita
1061 394 1124 420 me
1144 380 1292 432 probri,

229 449 362 500 stupri,
385 449 591 488 dedecoris
611 461 634 486 a
654 447 739 486 uiro
759 441 936 497 argutam
959 459 1048 485 meo
1065 449 1071 484 !

229 528 275 554 ea
295 528 396 565 quae
417 522 506 553 sunt
528 515 630 552 facta
651 512 862 553 †infectare
883 519 941 550 est
960 515 1025 552 at†
1045 511 1229 558 clamitat,

230 594 331 630 quae
352 593 480 629 neque
501 586 592 617 sunt
614 579 715 616 facta
735 590 865 627 neque
886 590 960 627 ego
981 576 1019 615 in
1042 590 1105 615 me
1125 576 1265 615 admisi
1287 576 1410 627 arguit
1428 591 1438 624 ;

193 661 209 690 5
229 653 347 696 atque
369 645 407 683 id
430 658 493 683 me
513 656 659 693 susque
679 644 811 692 deque
831 656 917 681 esse
938 641 1159 681 habituram
1181 649 1301 692 putat.

231 724 310 749 non
331 710 473 760 edepol
495 708 647 756 faciam,
671 721 801 757 neque
823 721 886 746 me
906 706 1100 758 perpetiar
1120 707 1250 757 probri

230 777 328 815 falso
348 775 623 820 insimulatam,
648 775 742 823 quin
764 787 838 823 ego
859 773 966 811 illum
989 781 1055 810 aut
1076 773 1253 811 deseram

229 849 296 880 aut
318 840 400 879 sati’
422 839 538 878 faciat
559 838 612 877 mi
634 838 698 877 ille
717 846 837 888 atque
857 837 1009 876 adiuret
1031 837 1189 888 insuper

230 909 335 946 nolle
356 919 440 944 esse
461 906 567 944 dicta
587 917 688 955 quae
709 903 748 942 in
771 917 834 942 me
855 904 1052 942 insontem
1074 903 1245 953 protulit.
1302 911 1306 913 “

175 987 212 1009 ιο
232 975 289 1012 Ιν.
322 971 551 1010 faciundum
573 977 631 1009 est
652 969 704 1007 mi
726 969 822 1008 illud
844 968 926 1007 fieri
947 970 1055 1019 quod
1077 968 1188 1007 illaec
1209 970 1390 1019 postulat,

231 1038 262 1076 si
284 1051 346 1076 me
367 1037 472 1075 illam
493 1043 693 1074 amantem
714 1036 765 1073 ad
787 1048 872 1073 sese
893 1035 1074 1073 studeam
1095 1034 1266 1084 recipere
1286 1049 1292 1072 :

230 1104 392 1154 quando
412 1115 485 1153 ego
506 1103 615 1152 quod
635 1100 708 1140 feci
732 1100 771 1139 id
793 1102 939 1139 factum
961 1100 1241 1151 Amphitruoni
1263 1099 1374 1138 offuit

229 1176 348 1219 atque
369 1167 422 1206 illi
443 1168 595 1206 dudum
618 1180 729 1205 meus
749 1179 860 1204 amor
880 1166 1082 1216 negotium

231 1232 375 1271 insonti
396 1231 584 1279 exhibuit,
609 1245 714 1270 nunc
734 1239 866 1270 autem
889 1230 1033 1270 insonti
1056 1230 1150 1268 mihi

174 1311 210 1343 15
231 1298 332 1336 illius
354 1298 408 1336 ira
429 1297 468 1335 in
489 1298 592 1335 hanc
613 1303 651 1335 et
672 1297 774 1334 male
794 1296 902 1335 dicta
922 1303 1115 1346 expetent.

230 1365 303 1402 AL.
335 1364 405 1402 sed
426 1376 563 1401 eccum
586 1362 705 1401 uideo
726 1361 792 1412 qui
815 1360 974 1413 (modo)
995 1375 1057 1400 me
1078 1361 1258 1400 miseram
1279 1360 1403 1411 arguit

230 1428 363 1479 stupri,
386 1427 603 1467 dedecoris.
666 1428 723 1465 Iv.
756 1434 795 1465 te
816 1428 919 1474 uolo,
943 1439 1048 1473 uxor,
1073 1426 1269 1476 conloqui.

230 1507 311 1544 quo
331 1501 370 1532 te
389 1492 596 1532 auortisti?
655 1494 728 1530 AL.
753 1491 805 1530 ita
824 1490 993 1543 (ingeni)
1012 1491 1212 1541 ingenium
1235 1498 1428 1529 meumst:

231 1559 412 1597 inimicos
433 1571 588 1608 semper
608 1570 677 1595 osa
697 1571 784 1595 sum
806 1557 1011 1607 optuerier.

171 1643 213 1666 20
233 1626 290 1664 1v.
324 1623 413 1663 heia
432 1631 565 1662 autem
588 1622 800 1661 inimicos?
857 1625 929 1660 AL.
963 1622 1018 1661 sic
1039 1630 1109 1669 est,
1133 1636 1225 1661 uera
1245 1621 1455 1673 praedi003

231 1690 304 1728 nisi
326 1689 443 1728 etiam
466 1690 541 1727 hoc
562 1689 660 1726 falso
681 1687 758 1726 dici
781 1687 1073 1726 insimulaturus
1094 1701 1145 1726 es.

233 1757 290 1794 Iv.
323 1755 430 1793 nimi'
450 1754 676 1793 uerecunda
696 1767 748 1792 eS.
808 1756 881 1791 AL.
906 1753 1015 1804 potin
1037 1760 1078 1791 ut
1098 1753 1295 1803 apstineas
1316 1765 1476 1791 manum
1490 1753 1508 1790 Ρ

230 1833 321 1858 nam
344 1827 461 1866 certo,
485 1818 516 1857 si
537 1818 588 1857 sis
611 1832 729 1856 sanus
750 1826 817 1856 aut
837 1817 965 1868 sapias
986 1818 1089 1865 satis,

231 1899 349 1936 quam
371 1893 412 1923 tu
434 1884 662 1935 inpudicam
686 1897 772 1922 esse
791 1883 976 1922 arbitrere
996 1891 1034 1922 et
1054 1883 1270 1933 praedices,

172 1964 211 1995 25
231 1965 320 1990 cum
343 1964 388 1989 ea
409 1958 449 1988 tu
471 1963 694 1988 sermonem
719 1962 792 1987 nec
814 1948 902 1987 ioco
924 1962 998 1987 nec
1017 1949 1118 1987 serio

230 2016 300 2055 tibi
323 2017 480 2063 habeas,
504 2015 578 2054 nisi
602 2016 652 2053 sis
675 2015 828 2053 stultior
848 2014 1105 2053 stultissumo.

232 2084 289 2121 Iv.
323 2081 352 2120 si
374 2081 464 2128 dixi,
489 2080 613 2119 nihilo
635 2080 756 2129 magis
777 2094 819 2118 es
840 2093 970 2129 neque
990 2093 1062 2129 ego
1083 2093 1168 2117 esse
1187 2078 1361 2126 arbitror,

275 2188 338 2227 884
353 2186 476 2216 insecta
490 2184 720 2215 restatValrlen
740 2196 746 2214 z
761 2184 882 2214 infecta
898 2189 999 2214 testat
1014 2182 1151 2213 Palmcr
1165 2183 1254 2222 :sorl.
1274 2182 1398 2213 insecta
1411 2187 1561 2222 praestat

232 2232 296 2269 893
330 2231 360 2260 id
387 2230 508 2260 sactum
536 2228 771 2259 Camerarius:
801 2229 921 2258 sactum
950 2228 981 2258 id
1009 2227 1076 2257 cod.
1234 2227 1297 2265 894
1333 2226 1375 2255 illi
1403 2225 1562 2264 vaades:

1578 584 1646 630 885

1581 1570 1653 1606 900

1581 1893 1649 1932 90⁵

233 2275 287 2304 illc
317 2273 383 2304 cad.
409 2274 464 2313 (cf.
498 2274 614 2310 1002):
652 2272 707 2302 vix
733 2272 806 2301 illae
958 2272 1020 2309 897
1047 2271 1106 2301 sed
1136 2271 1215 2309 sset)
1245 2268 1392 2300 Gm'etus:
1433 2275 1464 2299 et
1491 2269 1557 2300 cod.

379 2328 396 2343 ί)

234 2353 332 2381 modo
352 2351 412 2388 1111]
439 2349 512 2380 add.
537 2348 643 2388 Coele,
662 2347 773 2378 Lorwe
905 2348 969 2388 899
994 2349 1105 2386 ingeni
1131 2347 1207 2378 add.
1232 2346 1366 2387 Sqiff'r!
1496 2356 1562 2386 903

236 2395 394 2424 iracunda
413 2393 600 2423 Lambinus
689 2392 783 2431 potin
802 2391 1032 2422 Camerarius:
1060 2392 1152 2431 potin
1172 2396 1224 2421 est
1249 2390 1314 2421 cod.
1434 2390 1500 2429 906
1523 2400 1562 2420 ea

234 2442 268 2469 tu
286 2437 512 2468 (zum-tarius:
541 2437 609 2467 satu
628 2435 693 2466 cod.
708 2435 820 2476 (Fpro
832 2435 874 2476 E)
978 2445 1041 2475 907
1068 2435 1131 2465 nisi
1150 2434 1176 2464 si
1194 2434 1240 2465 sis
1255 2433 1322 2464 cod.
1339 2434 1418 2474 <nisi
1435 2433 1536 2474 sisJ)
