1727 2702
167 93 184 131 I
217 94 231 131 i
633 94 680 131 T.
714 92 893 132 MACCI
926 92 1127 130 PLAVTI

162 221 198 243 ιο
217 204 483 243 testudineum
506 203 623 241 istum
646 201 715 241 tibi
737 215 811 252 ego
830 201 1023 251 grandibo
1042 201 1218 251 gradum.

217 272 306 309 STA.
341 269 489 308 utinam
514 282 575 306 mc
597 267 677 306 diui
699 267 858 306 adaxint
878 269 928 306 ad
951 266 1208 317 suspendium
1566 281 1610 319 50

217 336 347 386 potius
369 334 529 385 quidem
551 347 669 383 quam
693 334 769 372 hoc
790 341 906 384 pacto
926 333 1032 383 apud
1055 339 1092 370 te
1113 331 1291 370 seruiam.

219 402 315 439 Evc.
347 408 385 438 at
407 407 447 438 ut
469 401 633 438 scelesta
653 400 736 436 sola
755 411 888 437 secum
912 405 1125 436 murmurat
1143 400 1148 435 Ξ

218 467 355 504 oculos
376 466 506 503 hercle
527 462 600 514 ego
622 463 726 511 istos,
750 463 926 514 inproba,
949 461 1144 500 ecfodiam
1166 461 1247 508 tibi,

161 546 197 577 ¹5
220 544 269 569 ne
290 544 352 569 me
373 542 581 580 opseruare
602 529 727 579 possis
748 528 843 578 quid
865 541 991 566 rerum
1012 540 1154 577 geram.

216 596 386 645 apscede
407 595 523 633 etiam
545 593 824 633 nunc—etiam
847 592 1269 632 nunc—etiam—ohe.
1566 610 1606 648 55

216 661 301 699 istic
321 668 458 698 astato.
518 659 548 697 si
570 660 700 698 hercle
721 667 762 697 tu
783 672 830 696 ex
850 658 947 696 istoc
969 659 1058 695 loco

217 726 380 776 digitum
404 733 671 764 transuorsum
693 732 759 762 aut
781 736 951 774 unguem
975 724 1095 760 latum
1118 720 1327 759 excesseris

217 799 283 829 aut
304 791 334 829 si
356 789 536 840 respexis‚
560 789 749 828 donicum
771 801 844 838 ego
865 795 902 826 te
922 787 1082 834 iussero,

159 873 199 894 πο
217 856 407 894 continuo
428 857 557 894 hercle
578 868 651 904 ego
672 862 709 892 te
729 854 874 892 dedam
894 852 1126 902 discipulam
1148 850 1263 889 cruci.

218 921 480 960 scelestiorem
503 934 566 959 me
587 920 661 958 hac
681 932 758 957 anu
780 925 887 957 certo
906 917 989 956 scio
1563 913 1610 947 60

219 986 363 1024 uidisse
385 998 614 1035 numquam,
637 984 825 1034 nimi'que
845 996 918 1033 ego
939 984 1041 1021 hanc
1062 989 1197 1020 metuo
1217 981 1319 1019 male

218 1066 267 1089 ne
288 1051 339 1089 mi
362 1065 407 1089 ex
428 1050 578 1088 insidiis
599 1049 721 1088 uerba
741 1047 965 1099 inprudenti
987 1047 1072 1086 duit

218 1130 293 1154 neu
315 1115 570 1166 persentiscat
590 1127 728 1153 aurum
750 1113 817 1152 ubi
838 1120 896 1152 est
916 1111 1206 1163 apsconditum,

161 1199 195 1229 25
217 1195 318 1231 quae
340 1180 378 1218 in
400 1180 585 1231 occipitio
605 1192 766 1229 quoque
786 1178 905 1216 habet
925 1178 1061 1215 oculos
1082 1189 1276 1227 pessuma.

218 1260 322 1284 nunc
343 1245 409 1284 ibo
431 1253 472 1284 ut
493 1245 629 1291 uisam,
652 1243 762 1282 e'stne
782 1243 836 1281 ita
853 1256 991 1281 aurum
1012 1250 1054 1280 ut
1074 1241 1246 1288 condidi,
1563 1240 1607 1285 65

217 1312 325 1361 quod
347 1324 410 1349 me
431 1310 611 1348 sollicitat
633 1308 822 1359 plurumis
843 1307 1026 1346 miserum
1049 1306 1243 1345 modis.—

217 1378 307 1414 STA.
340 1389 514 1414 noenum
537 1382 730 1413 mecastor
750 1373 845 1424 quid
866 1386 939 1422 ego
959 1385 1025 1411 ero
1045 1371 1173 1410 dicam
1197 1384 1286 1410 meo

218 1443 342 1480 malae
364 1441 416 1479 rei
438 1440 618 1479 euenisse
638 1452 810 1489 quamue
831 1437 1022 1476 insaniam

161 1523 199 1550 κο
217 1520 321 1556 queo
342 1505 586 1544 comminisci
604 1520 613 1553 ;
643 1506 695 1542 ita
716 1517 778 1542 me
800 1503 979 1542 miseram
1000 1504 1051 1541 ad
1072 1504 1178 1541 hunc
1199 1503 1363 1541 modum

218 1572 378 1610 deciens
399 1572 463 1610 die
484 1584 564 1610 uno
584 1584 701 1621 saepe
722 1569 889 1608 extrudit
909 1569 1085 1608 aedibus.
1564 1579 1610 1613 70

218 1637 353 1676 nescio
373 1639 437 1688 pol
460 1636 561 1687 quae
581 1636 700 1674 illunc
722 1634 924 1673 hominem
946 1634 1200 1685 intemperiae
1220 1641 1355 1673 tenent
1373 1649 1379 1672 :

218 1702 422 1754 peruigilat
443 1710 579 1740 noctes
601 1709 713 1748 totas,
737 1709 818 1738 tum
841 1708 971 1738 autem
995 1700 1183 1738 interdius

218 1769 328 1818 quasi
350 1769 513 1806 claudus
534 1775 642 1804 sutor
662 1765 768 1805 domi
791 1767 901 1804 sedet
922 1773 1026 1803 totos
1046 1764 1139 1803 dics.

161 1847 199 1881 35
218 1847 348 1883 neque
370 1830 444 1871 iam
467 1845 547 1882 quo
568 1839 683 1882 pacto
704 1834 827 1870 celem
850 1832 952 1871 erilis
974 1831 1076 1870 filiae

218 1899 416 1950 probrum,
441 1898 660 1948 propinqua
682 1899 880 1949 partitudo
901 1899 993 1948 quoi
1015 1898 1174 1948 appetit,
1565 1908 1606 1945 75

218 1977 322 2013 queo
342 1963 586 2001 comminisci
607 1979 614 2007 ;
644 1979 773 2014 neque
794 1964 1005 2014 quicquain
1030 1963 1182 2001 meliust
1206 1962 1314 2007 milii,

219 2036 260 2066 ut
280 2029 431 2079 opinor,
454 2044 572 2079 quam
595 2045 640 2069 ex
663 2044 725 2068 me
747 2038 787 2068 ut
808 2043 927 2067 unam
951 2028 1087 2066 faciam
1112 2027 1276 2065 litteram

220 2095 417 2143 flongum,
443 2097 607 2145 laqueo'r
629 2097 773 2133 collum
796 2095 958 2144 quando
979 2092 1232 2143 opstrinxero.

263 2209 303 2237 53
335 2201 451 2230 oculos
487 2210 551 2239 ego
591 2200 648 2230 tibi
690 2199 772 2229 istos
812 2197 961 2237 improbe
997 2196 1033 2236 (i.
1051 2207 1075 2227 e.
1105 2196 1198 2230 4102)
1229 2194 1316 2225 codd.
1353 2194 1456 2224 Nom'i
1483 2195 1548 2233 360

221 2243 262 2280 '56
284 2249 392 2274 astato
415 2242 606 2284 Scioppius:
632 2248 740 2273 atasto
765 2241 829 2272 cod.
965 2241 1008 2270 60
1032 2244 1126 2269 certo
1152 2238 1315 2269 Francken
1336 2243 1451 2269 :certe
1468 2238 1547 2277 (οᾶἾ

219 2296 274 2315 mx
289 2291 379 2323 (cum
397 2288 483 2325 scio)
503 2286 703 2317 lem‘num
853 2286 895 2322 65
919 2285 1008 2314 sitne
1028 2283 1166 2323 Pyladcs
1311 2291 1349 2320 77
1374 2281 1424 2312 vel
1442 2282 1546 2321 opino

220 2330 261 2368 78
285 2329 593 2372 (l)longumla.(3)
604 2330 719 2360 Goelzt
747 2329 878 2367 longam
893 2324 1309 2368 (Scutarinsffmcum)la.
1323 2325 1548 2357 Camerarius:

221 2373 238 2403 l.
257 2373 382 2416 (milii)
401 2374 440 2404 la.
460 2373 650 2405 Lambinus
666 2374 800 2409 (melius
818 2373 876 2411 mi)
