1727 2712
726 95 955 136 CAPTIVI
1421 96 1499 134 III.
1520 94 1568 132 iv

70 211 156 254 ‘540
229 207 309 244 HE.
352 219 525 256 sequere.
577 219 639 244 em
675 205 745 244 tibi
776 204 990 244 hominem.
1023 206 1099 252 adi,
1128 213 1247 256 atque
1276 206 1502 255 adloquere.

596 273 669 309 ΤΥ.
701 270 789 321 quis
810 271 969 310 homost
990 284 1053 309 me
1074 270 1281 309 hominum
1303 269 1508 308 miserior?

172 337 248 374 AR.
281 334 378 386 quid
413 335 513 375 istuc
547 343 605 374 est
639 335 749 385 quod
782 348 893 374 meos
928 342 965 374 te
995 335 1126 374 dicam
1161 334 1323 385 fugitare
1357 335 1504 380 oculos,

1309 401 1505 450 Tyndare,

171 479 322 516 proque
343 465 480 516 ignoto
501 479 565 505 me
585 465 794 517 aspernari,
817 465 930 516 quasi
950 479 1014 505 me
1034 479 1252 517 numquam
1276 465 1461 504 noueris?
1531 482 1568 503 10

172 530 358 580 equidem
380 538 460 570 tam
482 545 569 570 sum
591 544 726 570 seruos
746 544 866 581 quam
888 538 941 578 tu,
964 531 1036 570 etsi
1057 545 1130 581 ego
1151 531 1261 569 dorni
1282 530 1379 569 liber
1400 529 1465 577 fui,

173 598 214 634 tu
236 609 361 646 usque
381 610 404 635 a
423 610 547 647 puero
567 596 797 636 seruitutem
818 596 1014 635 seruiuisti
1034 596 1074 634 in
1095 596 1223 635 Alide.

89 673 150 709 545
174 663 254 700 HE.
287 663 430 713 edepol
451 662 614 701 minime
634 662 762 710 miror,
786 661 817 700 si
837 670 876 700 te
895 662 1033 713 fugitat
1053 669 1119 700 aut
1140 662 1276 701 oculos
1297 669 1396 709 tuos,

171 734 238 765 aut
258 726 290 765 si
311 734 349 765 te
369 726 465 774 odit,
488 726 556 777 qui
576 727 694 765 istum
715 728 888 778 appelles
909 727 1139 776 Tyndarum
1161 740 1231 777 pro
1254 726 1485 765 Philocrate.

172 793 244 829 ΤΥ.
279 792 422 842 Hegio,
446 792 509 831 hic
530 793 652 831 homo
673 792 850 831 rabiosus
872 791 1029 830 habitus
1050 800 1107 831 est
1128 792 1167 830 in
1188 792 1316 838 Alide,
1530 805 1567 837 ¹5

172 871 222 895 ne
242 865 284 895 tu
305 858 414 907 quod
436 857 522 896 istic
543 858 739 897 fabuletur
758 857 861 896 auris
881 857 1070 896 immittas
1092 865 1188 896 tuas.

173 936 263 960 nam
285 922 372 961 istic
393 923 513 961 hastis
534 922 748 962 insectatus
769 930 827 962 est
847 923 957 962 domi
979 931 1142 962 matrem
1164 931 1202 962 et
1223 931 1384 974 patrem,

86 1002 154 1039 550
171 995 209 1026 et
230 987 307 1026 illic
329 987 390 1026 isti
412 988 479 1038 qui
500 996 679 1038 sputatur
699 989 861 1028 morbus
882 988 1078 1027 interdum
1101 988 1219 1027 uenit.

171 1053 284 1104 proin
309 1061 350 1092 tu
379 1054 430 1093 ab
458 1054 556 1094 ist6e
585 1056 722 1105 procul
752 1055 922 1094 recedas.
985 1056 1064 1092 HE.
1097 1056 1198 1093 ultro
1228 1054 1346 1093 istum
1372 1068 1394 1092 a
1418 1056 1504 1092 me!

1103 1121 1178 1158 AR.
1210 1120 1286 1166 ain,
1311 1119 1505 1158 uerbero?

171 1198 234 1224 me
264 1185 464 1224 rabiosum
491 1193 611 1236 atque
638 1185 873 1225 insectatum
901 1199 986 1225 esse
1007 1183 1128 1224 hastis
1149 1198 1281 1223 meum
1311 1198 1505 1223 memoras
1529 1198 1569 1219 20

1341 1257 1503 1300 patrem,

170 1324 208 1354 et
228 1329 318 1354 eum
341 1315 524 1354 morbum
546 1315 642 1353 mihi
663 1329 760 1364 esse,
783 1323 825 1354 ut
846 1315 913 1366 qui
934 1329 998 1354 me
1018 1329 1118 1366 opus
1140 1315 1187 1353 sit
1209 1313 1471 1365 insputarier?

172 1382 251 1419 HE.
285 1394 335 1420 ne
355 1394 501 1428 uerere,
524 1382 670 1419 multos
690 1380 763 1420 iste
783 1381 945 1420 morbus
965 1381 1147 1420 homines
1168 1387 1349 1427 macerat,

85 1455 148 1492 555
170 1445 313 1494 quibus
335 1445 525 1496 insputari
546 1445 660 1484 saluti
681 1445 752 1484 fuit
771 1453 890 1496 atque
911 1445 942 1484 is
963 1445 1119 1496 profuit.

170 1511 245 1548 AR.
277 1510 374 1561 quid
405 1518 446 1550 tu
480 1512 644 1550 autem?
683 1510 801 1549 etiarn
836 1511 928 1549 huic
963 1511 1118 1550 credis?
1190 1512 1270 1549 HE.
1303 1511 1400 1561 quid
1430 1524 1503 1561 ego

632 1577 791 1615 credam
812 1576 934 1614 huic?
990 1578 1067 1614 AR.
1099 1575 1281 1614 insanum
1303 1590 1388 1615 esse
1410 1577 1502 1614 me?

167 1642 240 1679 ΤΥ.
273 1641 393 1681 uiden
421 1650 463 1681 tu
493 1642 600 1680 hunc
627 1641 747 1692 quam
774 1641 936 1680 inimico
966 1643 1076 1691 uoltu
1104 1641 1295 1680 intuitur?
1333 1641 1500 1680 concedi
1523 1654 1560 1686 ²5

1242 1714 1500 1756 optumumst,

169 1771 324 1822 Hegio:
356 1773 399 1810 fit
419 1773 528 1823 quod
549 1771 621 1811 tibi
641 1785 716 1821 ego
736 1771 827 1820 dixi,
849 1771 976 1822 gliscit
997 1771 1135 1818 rabies,
1159 1785 1256 1810 caue
1278 1771 1360 1810 tibi.

169 1839 249 1876 HE.
291 1837 442 1877 credidi
484 1851 570 1876 esse
613 1836 796 1876 insanum
839 1839 1048 1889 extemplo,
1094 1837 1161 1876 ubi
1207 1845 1245 1876 te
1289 1836 1502 1888 appellauit

1258 1903 1498 1952 Tyndarum.

82 1972 148 2018 560
167 1968 240 2005 ΤΥ.
273 1967 368 2017 quin
403 1981 517 2006 suom
552 1967 636 2018 ipse
669 1967 868 2007 interdum
902 1968 1054 2019 ignorat
1089 1981 1236 2007 nomen
1271 1980 1400 2017 neque
1430 1966 1502 2005 scit

1327 2045 1393 2082 qul
1415 2039 1497 2070 Slet.

168 2098 248 2136 HE.
280 2104 320 2136 at
348 2097 466 2136 etiam
494 2105 532 2136 te
562 2111 676 2137 suom
703 2098 881 2138 sodalem
910 2112 996 2138 esse
1024 2098 1141 2136 aibat.
1200 2099 1273 2135 ΤΥ.
1306 2098 1382 2135 hau
1418 2096 1499 2135 uidi

1363 2162 1496 2212 magis.

212 2277 275 2306 547
300 2267 375 2299 istic
393 2267 503 2298 Luchs
614 2277 678 2306 550
703 2269 896 2307 insputatur
913 2267 1054 2307 Pylades
1073 2269 1080 2285 ‘
1095 2278 1133 2298 ex
1149 2267 1213 2298 cod.
1229 2265 1408 2306 ant.,'fort.
1427 2270 1502 2297 recte

170 2310 310 2350 (v.9‚8)
433 2321 497 2351 553
521 2310 569 2342 vel
584 2313 659 2342 med
787 2322 848 2351 554
873 2312 935 2342 ΤΥ.
965 2312 1017 2342 Ne
1035 2311 1174 2341 Redslob
1247 2312 1326 2348 sort.
1344 2311 1501 2342 homines

168 2354 302 2384 morbus
319 2354 357 2394 (i,
371 2365 400 2394 p.
421 2356 478 2394 37)
613 2365 674 2394 557
701 2355 852 2386 intuetur
863 2355 932 2386 cod.
1066 2355 1129 2393 558
1153 2357 1196 2385 sit
1214 2354 1263 2384 PE
1278 2356 1309 2394 (s
1321 2354 1420 2395 pros)
1435 2366 1441 2385 ε
1467 2355 1500 2385 id

166 2396 300 2435 SchoeH,
316 2398 368 2428 cm'
383 2397 497 2437 Hegio
514 2397 653 2438 displicet
783 2400 848 2438 560
872 2399 963 2438 Quin
981 2398 1156 2429 Fontanus
1171 2410 1177 2428 :
1202 2397 1291 2437 Quia
1306 2397 1373 2429 cod.
