1727 2712
621 123 969 161 AMPHITRVO
1399 123 1454 161 II.
1474 123 1505 160 ii

124 234 190 271 So.
221 231 328 270 enirn
349 246 444 271 uero
465 231 665 282 praegnati
686 238 843 282 oportet
862 239 901 270 et
922 233 1070 270 malum
1091 240 1130 270 et
1151 234 1298 270 malum
1319 232 1403 272 dari

124 304 167 334 ut
187 297 296 346 quod
316 297 485 335 obrodat
505 296 565 344 sit,
587 296 722 334 animo
743 295 774 334 si
795 298 897 334 male
918 310 1003 335 esse
1024 297 1232 346 occeperit.

38 371 80 406 72
87 370 103 407 5
124 362 207 399 AM.
235 368 276 399 tu
298 375 361 400 me
378 360 461 400 heri
481 360 547 400 hic
567 360 731 400 uidisti?
778 363 852 400 AL.
879 374 963 411 egO,
982 360 1157 412 inquam,
1175 361 1207 400 si
1223 361 1282 400 uis
1299 362 1460 401 deciens
1480 373 1522 405 95

1316 427 1457 466 dicere.

124 494 207 531 AM.
239 491 280 530 in
325 491 474 531 somnis
513 493 686 532 fortasse.
746 494 819 531 AL.
851 492 975 531 immo
1014 492 1179 542 uigilans
1218 492 1457 542 uigilantem.

930 560 1012 596 AM.
1046 572 1119 596 uae
1141 556 1316 610 [misero]
1339 558 1460 597 mihi!

124 624 189 661 So.
222 622 319 672 quid
348 622 420 661 tibi
449 625 537 662 est?
601 625 684 662 AM.
717 622 855 662 delirat
889 637 997 662 uxor.
1065 625 1129 662 So.
1160 631 1244 661 atra
1277 622 1345 661 bili
1380 636 1462 672 per-

1292 687 1369 726 cita
1388 695 1458 726 est.

126 755 233 792 nulla
253 767 312 792 res
333 762 413 793 tarn
434 753 635 794 delirantis
656 754 839 794 homines
861 754 1075 793 concinnat
1094 754 1184 793 cito.

126 820 208 856 AM.
242 818 309 857 ubi
330 818 500 869 primum
521 819 592 858 tibi
613 820 779 867 sensisti,
802 820 955 868 mulier,
975 819 1254 869 impliciscier?

38 896 108 932 730
127 885 200 921 AL.
233 883 418 933 equidem
448 892 601 922 ecastor
630 898 724 923 sana
754 892 793 923 et
827 886 937 923 salua
966 898 1065 923 sum.
1125 886 1208 922 AM.
1241 898 1313 934 qur
1347 883 1461 933 igitur
1484 896 1544 919 100

1258 947 1460 998 praedicas

127 1014 164 1053 te
185 1014 268 1052 heri
289 1027 352 1052 me
373 1013 528 1060 uidisse,
553 1014 620 1064 qui
642 1016 716 1052 hac
737 1022 858 1052 noctu
879 1014 919 1052 in
941 1021 1098 1064 portum
1118 1013 1276 1052 aduecti
1298 1013 1463 1050 sumus?

127 1078 182 1116 ibi
202 1078 342 1116 cenaui
361 1086 480 1128 atque
502 1078 556 1116 ibi
577 1078 711 1128 quieui
732 1078 772 1116 in
794 1078 886 1117 naui
908 1087 1067 1117 noctem
1089 1086 1304 1129 perpetem,

128 1157 258 1194 neque
274 1157 406 1182 meum
421 1145 564 1193 pedem
579 1145 656 1182 11116
671 1144 784 1182 intuli
799 1143 917 1182 etiam
935 1143 975 1181 in
988 1143 1108 1190 aedis,
1128 1151 1170 1181 ut
1186 1157 1277 1181 611111
1291 1145 1462 1181 exercitu

128 1208 220 1246 hinc
241 1209 439 1258 profectus
460 1222 548 1246 sum
567 1209 619 1246 ad
640 1209 841 1247 Teloboas
863 1208 987 1246 hostis
1009 1222 1157 1258 eosque
1178 1216 1220 1246 ut
1240 1208 1419 1246 uicimus.

41 1279 105 1315 735
127 1275 201 1311 AL.
233 1273 357 1312 immo
379 1287 537 1312 mecum
558 1273 749 1312 cenauisti
770 1282 808 1312 et
830 1287 987 1312 mecum
1009 1273 1191 1312 cubuisti.
1251 1275 1333 1311 AM.
1365 1274 1462 1323 quid
1486 1286 1543 1318 105

1375 1346 1433 1377 est
1447 1340 1462 1376 ?

127 1406 202 1442 AL.
233 1418 326 1443 uera
354 1404 456 1443 dico.
515 1407 598 1443 AM.
631 1419 713 1443 non
742 1406 794 1444 de
828 1406 902 1444 hac
937 1404 1100 1455 quidem
1140 1406 1271 1444 hercle
1306 1418 1370 1451 re,
1413 1405 1463 1442 de

1211 1470 1294 1508 aliis
1315 1469 1460 1507 nescio.

129 1536 201 1573 AL.
233 1535 403 1585 primulo
423 1535 599 1574 diluculo
619 1535 750 1574 abiisti
770 1537 820 1574 ad
842 1535 1027 1585 legiones.
1084 1537 1166 1573 AM.
1199 1549 1279 1585 quo
1300 1534 1452 1572 modo?

129 1602 194 1639 So.
227 1608 331 1639 recte
351 1600 457 1647 dicit,
480 1609 523 1639 ut
544 1601 817 1639 commeminit
835 1616 841 1639 :
872 1601 1071 1639 somnium
1093 1608 1221 1638 narrat
1241 1599 1323 1638 tibi.

130 1666 210 1712 sed,
235 1666 383 1713 mulier,
407 1674 619 1717 postquam
641 1675 865 1717 experrecta
886 1681 938 1713 es,
962 1674 1000 1705 te
1022 1665 1227 1716 prodigiali
1250 1664 1338 1704 Ioui

43 1744 113 1777 740
130 1738 198 1768 aut
218 1732 323 1768 mola
343 1733 444 1769 salsa
464 1731 584 1770 hodie
604 1739 671 1769 aut
692 1739 776 1770 ture
797 1739 1089 1782 comprecatam
1111 1730 1294 1781 oportuit.
1487 1742 1548 1765 110

131 1798 203 1833 AL.
236 1810 309 1834 uae
329 1796 448 1847 capiti
469 1804 537 1835 tuo
555 1800 561 1834 1
620 1799 684 1835 So.
709 1805 775 1835 tua
796 1797 896 1835 istuc
917 1796 1121 1835 refert—si
1143 1796 1349 1835 curaueris.

130 1862 203 1899 AL.
236 1860 376 1900 iterum
419 1861 496 1900 iam
540 1861 604 1900 hic
637 1861 676 1900 in
716 1876 779 1901 me
822 1862 1079 1901 inclementer
1118 1861 1225 1908 dicit,
1266 1869 1385 1911 atque
1423 1860 1463 1899 id

1233 1926 1316 1964 sine
1346 1927 1461 1964 malo.

127 1992 210 2029 AM.
243 1998 329 2029 tace
356 1998 409 2029 tu.
468 1998 511 2030 tu
538 1991 651 2030 dice:
681 2005 808 2042 egone
834 2006 904 2042 aps
933 2000 970 2031 te
997 1992 1076 2031 abii
1104 1991 1196 2030 111116
1225 1991 1345 2029 hodie
1374 2004 1463 2028 cum

1260 2056 1435 2095 diluculo
1449 2057 1465 2094 ?

127 2122 200 2159 AL.
233 2121 320 2171 quis
342 2121 457 2171 igitur
476 2122 550 2160 nisi
571 2136 642 2161 uos
663 2122 833 2161 narrauit
854 2123 907 2161 mi
929 2123 983 2161 illi
1004 2131 1046 2161 ut
1066 2122 1180 2161 fuerit
1197 2121 1420 2172 proelium?

174 2227 236 2263 726
258 2225 418 2266 fortasse]
440 2226 510 2257 sors
528 2226 660 2257 Norden
680 2227 809 2267 (Rhcin.
830 2226 921 2258 Mus.
944 2239 996 2267 49,
1017 2227 1199 2266 286‘'=.s0rt.
1222 2230 1296 2257 recte
1384 2225 1462 2267 uae]

129 2269 160 2298 ei
173 2269 345 2299 Fleckeisen
359 2280 366 2301 ε
391 2270 446 2300 vix
462 2271 526 2300 hae
545 2271 722 2310 (interiecl.)
814 2272 938 2301 misero
954 2271 1012 2302 del.
1031 2270 1171 2310 Pylades
1190 2271 1244 2309 [biV.
1259 2272 1295 2309 3)
1401 2280 1467 2309 730

129 2322 214 2351 quor
231 2312 295 2343 cod.
411 2323 472 2353 735
496 2314 577 2353 quid
594 2314 730 2345 Aldus:
761 2314 841 2354 quid
860 2316 893 2345 id
910 2314 974 2345 cod.
997 2315 1056 2355 (xiv.
1082 2315 1117 2354 4)
1254 2314 1318 2352 736
1341 2313 1390 2344 vel
1404 2317 1462 2351 re;

130 2355 172 2385 de
189 2355 230 2386 al.
293 2357 430 2396 quidem
447 2357 561 2388 hercle
578 2358 620 2387 de
639 2358 702 2388 hac
721 2357 933 2388 Camerarius
1035 2367 1097 2396 739
1122 2362 1154 2388 te
1172 2356 1260 2387 codd.
1281 2356 1384 2387 Nonii
1398 2367 1439 2395 44
1456 2368 1463 2387 :

127 2400 196 2430 «um.
213 2398 278 2429 cod.
430 2411 492 2440 743
517 2401 569 2432 dic
586 2401 650 2433 cod.

174 2451 296 2474 ΡιΑντ.
313 2453 325 2473 1
1352 2443 1374 2474 3
