1686 2722
71 140 190 168 PRot..
629 135 675 172 T.
711 135 888 173 MACCI
922 135 1125 174 PLAVTI

218 254 298 280 non
329 241 449 280 minu'
478 254 596 292 quam
628 250 804 281 nostrum
835 243 963 292 quiuis
993 243 1176 282 formidat
1206 245 1377 283 malum:

218 306 391 344 humana
419 314 541 344 matre
572 314 696 352 natus,
728 307 904 344 humano
934 316 1041 357 patre

218 370 344 409 mirari
375 385 453 409 non
485 379 541 409 est
571 384 741 421 aequom
772 372 845 410 sibi
876 372 905 410 si
937 372 1166 422 praetimet;

157 446 198 476 30
215 442 333 484 atque
362 448 436 484 ego
465 448 624 485 quoque
654 435 784 483 etiam,
816 435 883 485 qui
916 436 1024 475 Iouis
1053 450 1140 475 sum
1170 437 1284 485 filius,
1565 455 1613 491 30

215 498 451 548 contagione
481 499 558 537 mei
588 499 707 549 patris
737 508 872 538 metuo
902 502 1059 539 malurn.

215 571 420 613 propterea
449 577 546 614 pace
575 565 748 604 aduenio
777 574 815 604 et
845 578 983 615 pacem
1012 568 1063 605 ad
1092 580 1164 606 uos
1193 568 1299 607 fero:

215 628 355 667 iustam
386 642 466 667 rem
497 637 534 668 et
564 630 718 669 facilem
748 643 834 669 esse
863 639 1011 670 oratam
1041 645 1064 670 a
1092 632 1206 671 uobis
1236 635 1340 681 uolo,

215 705 306 731 nam
337 692 460 732 iustae
488 694 539 732 ab
569 693 678 733 iustis
708 694 832 733 iustus
861 709 947 734 sum
977 704 1106 735 orator
1134 697 1258 736 datus.

154 772 194 806 ³5
215 770 305 796 nam
336 757 480 797 iniusta
507 759 558 797 ab
587 759 698 798 iustis
728 760 924 810 impetrari
955 774 1035 800 non
1065 762 1189 809 decet,
1564 780 1607 818 35

212 823 314 863 iusta
341 832 474 864 autem
503 825 554 863 ab
584 824 737 864 iniustis
766 834 898 876 petere
928 826 1150 876 insipientia
1179 836 1236 866 est
1252 842 1263 875 ;

211 888 358 939 quippe
388 888 441 927 illi
471 888 595 939 iniqui
625 889 684 928 ius
714 889 894 940 ignorant
924 903 1053 940 neque
1082 899 1227 930 tenent.

211 967 317 994 nunc
346 954 423 993 iam
453 955 532 994 hue
560 954 736 994 animum
766 969 906 995 omnes
932 969 1033 1006 quae
1062 957 1199 1007 loquar
1226 956 1432 997 aduertite.

210 1020 364 1060 debetis
394 1021 495 1059 uelle
525 1033 626 1070 quae
656 1020 846 1059 uelimus:
889 1021 1102 1060 meruimus

150 1100 196 1133 40
212 1092 250 1124 et
279 1097 353 1136 ego
382 1093 419 1123 et
449 1092 558 1135 pater
587 1086 638 1124 de
667 1085 782 1124 uobis
812 1094 850 1124 et
880 1099 920 1124 re
948 1086 1107 1136 publica
1122 1101 1132 1134 ;
1560 1101 1609 1141 40

212 1162 304 1188 nam
333 1149 430 1200 quid
459 1162 533 1199 ego
563 1162 779 1188 memorem
811 1151 870 1201 (ut
898 1150 996 1189 alios
1025 1150 1065 1188 in
1095 1150 1304 1201 tragoediis

210 1214 304 1263 uidi,
337 1216 582 1266 Neptunum,
613 1214 821 1263 Virtutem,
854 1215 1082 1263 Victoriam,

210 1280 393 1329 Martem,
425 1280 630 1318 Bellonam
661 1292 971 1319 commemorare
1000 1293 1102 1330 quae
1130 1280 1236 1318 bona

209 1343 323 1383 uobis
353 1343 552 1394 fecissent)
582 1343 670 1393 quis
699 1343 914 1382 benefactis
944 1346 1045 1383 meu’
1075 1353 1194 1394 pater,

149 1423 189 1454 45
209 1410 373 1448 deorum
404 1417 594 1459 regnator,
625 1408 876 1448 architectust
907 1409 1121 1447 omnibus?
1559 1424 1603 1461 45

208 1476 278 1514 sed
309 1487 395 1513 mos
424 1487 641 1524 numquam
670 1473 772 1526 (ille)
800 1474 853 1512 illi
884 1474 954 1512 fuit
984 1475 1082 1524 patri
1113 1488 1203 1514 meo

209 1547 250 1578 ut
279 1539 528 1590 exprobraret
558 1539 667 1589 quod
698 1538 813 1577 bonis
844 1540 986 1577 faceret
1017 1539 1110 1578 boni
1126 1555 1137 1588 ς

207 1613 358 1655 gratum
388 1603 594 1643 arbitratur
623 1617 708 1642 esse
738 1603 778 1642 id
807 1617 830 1642 a
859 1603 973 1642 uobis
1003 1603 1077 1642 sibi

209 1668 426 1719 meritoque
456 1668 570 1706 uobis
601 1668 706 1707 bona
736 1682 777 1707 se
807 1670 934 1707 facere
962 1681 1064 1719 quae
1093 1669 1194 1708 facit.

148 1749 189 1783 50
262 1735 381 1772 Nunc
400 1746 518 1783 quam
541 1747 621 1772 rem
643 1742 795 1772 oratum
818 1735 896 1772 huc
922 1735 1012 1773 ueni
1035 1735 1203 1784 primum
1225 1737 1461 1786 proloquar;
1557 1747 1604 1785 50

206 1807 295 1849 post
324 1807 597 1848 argumentum
628 1799 744 1837 huius
775 1801 936 1849 eloquar
966 1800 1198 1850 tragoediae.

206 1863 332 1914 quid?
371 1864 616 1902 contraxistis
647 1866 815 1903 frontem
847 1865 939 1915 quia
968 1865 1209 1915 tragoediam

205 1928 284 1966 dixi
315 1930 482 1967 futuram
514 1930 646 1967 hanc?
687 1931 775 1968 deu'
807 1944 905 1976 sum,
938 1939 1246 1969 commutauero.

205 1996 373 2034 eandem
404 1997 517 2042 banc,
549 1996 577 2034 si
611 1997 738 2042 uoltis,
772 1997 910 2035 faciam
940 1996 1055 2048 (iam)
1083 2010 1128 2035 ex
1157 1997 1356 2047 tragoedia

249 2103 356 2141 27—28
375 2106 450 2142 pos!
477 2107 582 2141 patre,
613 2113 678 2132 non
701 2105 775 2141 pos!
803 2101 926 2132 malum
953 2101 1164 2142 distinguunt
1187 2102 1242 2132 aliu
1396 2112 1437 2141 32
1463 2102 1532 2133 fero

206 2145 398 2176 Aa'dah‘us:
424 2145 529 2176 affero
545 2144 610 2176 cod.
630 2145 681 2184 (cf
705 2143 793 2176 Trin.
812 2147 853 2184 67
872 2146 914 2176 ad
932 2151 966 2176 te
989 2145 1168 2187 [adluenio
1184 2157 1191 2183 3
1223 2149 1252 2175 e!
1269 2145 1390 2176 similia
1413 2147 1531 2185 multa)

206 2199 324 2228 pacem
346 2189 403 2225 (ita
420 2188 485 2228 PE)
501 2189 648 2219 aduenio
668 2194 701 2219 et
719 2189 761 2219 ad
787 2199 848 2219 uos
868 2189 973 2219 affero
991 2188 1202 2219 Lindemann
1291 2199 1331 2228 34
1360 2190 1445 2219 iuste
1462 2189 1531 2221 cod.

208 2234 267 2271 (ule.
288 2243 340 2263 -ae
356 2236 377 2272 ἰ)
396 2244 402 2263 ;
427 2233 514 2263 iusta
531 2231 633 2262 Bothe
743 2233 786 2270 36
810 2231 859 2262 vel
875 2233 989 2263 -tiacst
1005 2232 1071 2262 cod.
1120 2233 1157 2270 cs
1175 2232 1290 2263 Amer.
1303 2232 1427 2270 Journ.
1443 2232 1528 2264 Pln't.

209 2285 258 2314 ¹⁴·
276 2285 336 2314 321
429 2285 469 2315 37
489 2276 533 2306 illi
552 2274 616 2305 D‘1:
645 2275 727 2305 inilli
745 2274 811 2306 cd.
830 2275 886 2311 (iv.
905 2286 924 2314 3
1032 2275 1074 2314 38
1096 2274 1231 2316 omnes]
1249 2276 1291 2305 ad
1308 2286 1347 2305 ea
1366 2275 1414 2306 1³⁸
1434 2286 1476 2310 iv.
1500 2277 1531 2313 r)

203 2329 248 2359 39
272 2319 414 2350 uelimus
431 2324 465 2349 et
483 2330 524 2350 rn.
541 2317 586 2349 B’
708 2328 749 2357 45
774 2318 977 2349 architectus
995 2318 1061 2349 cod.
1084 2320 1114 2349 J‘i.
1135 2320 1167 2357 7)
1313 2320 1355 2357 46
1380 2320 1435 2349 ille
1453 2318 1528 2350 add.

207 2363 330 2403 Ussing
437 2362 506 2393 Sed
532 2372 605 2392 mos
630 2372 773 2400 nequam
799 2362 844 2392 illi
874 2362 936 2398 wel
958 2362 1027 2393 illel
1052 2362 1111 2392 fuit
1138 2362 1223 2401 patri
1251 2372 1428 2401 numquam
1452 2372 1528 2393 meo

203 2405 352 2443 [θιὼ-Ιώ,
372 2407 426 2436 cua¹
440 2406 571 2435 iambus
588 2405 673 2444 patri
691 2409 767 2435 ante
782 2405 932 2435 [anabuns
951 2415 1024 2436 mco
1041 2405 1179 2446 displice!
1297 2416 1339 2444 ⁴9
1363 2405 1440 2437 fecit
1458 2405 1528 2438 cod.

203 2461 239 2491 54
268 2451 330 2482 iam
348 2448 423 2481 add.
446 2449 640 2480 Lachmann
