1727 2712
666 63 991 103 BACCHIDES
1427 62 1496 99 IV.
1517 61 1563 97 ix

58 192 148 227 1070
165 179 289 216 salute
308 183 441 216 nostra
460 184 579 226 atque
599 176 695 214 urbe
714 182 829 225 capta
848 188 917 225 per
936 175 1074 213 dolum

166 245 330 282 domum
352 243 528 280 redduco
548 240 661 292 giam)
680 240 874 290 integrum
895 253 1056 278 omnem
1078 239 1303 279 exercitum.

164 309 245 354 sed,
269 314 520 358 spectatores,
544 320 616 344 uos
637 319 743 344 nunc
764 319 813 343 ne
835 305 1030 343 miremini

164 374 272 424 quod
294 386 374 410 non
395 371 617 421 triumpho:
647 372 920 421 peruolgatum
940 378 1009 418 est,
1034 371 1088 409 nil
1111 384 1241 410 moror
1260 386 1270 419 3

163 452 300 476 uerum
321 445 453 475 tamen
474 435 715 486 accipientur
735 437 863 474 mulso
884 435 1039 474 milites.
1521 445 1583 468 100

58 515 143 553 1075
163 517 269 542 nunc
290 504 391 541 hanc
413 503 599 553 praedam
620 515 780 540 ornnem
802 500 878 539 iam
900 502 951 540 ad
971 509 1222 552 quaestorem
1243 503 1486 540 deferam.—

640 614 1016 651 PH1Loxssst
1519 625 1548 649 X

164 699 237 735 ΡΗ.
272 698 405 746 Quam
436 694 558 745 magis
597 694 637 733 in
676 701 835 745 pectore
867 708 959 733 meo
990 696 1109 733 soueo
1143 708 1241 744 quas
1273 695 1375 732 meu’
1406 693 1498 731 filiu’

1201 759 1334 797 turbas
1356 759 1497 805 turbet,

273 840 392 877 quam
414 840 455 864 se
475 826 526 864 ad
547 825 669 864 uitam
690 833 729 864 et
749 839 850 875 quos
876 826 927 864 ad
956 839 1084 864 mores
1111 824 1366 875 praecipitem
1388 823 1499 861 insci-

1235 890 1288 927 tu'
1309 896 1496 939 capessat,

164 956 278 1006 magi'
316 969 432 994 curae
471 962 529 993 est
574 954 768 1004 magi'que
815 954 1039 994 adformido
1082 968 1133 992 ne
1176 953 1207 992 is
1251 961 1382 1003 pereat
1421 967 1497 991 neu

1214 1027 1494 1069 corrumpatur.

271 1086 364 1132 scio,
396 1085 451 1124 fui
482 1099 555 1135 ego
590 1084 655 1123 illa
687 1093 814 1124 aetate
846 1093 884 1124 et
915 1085 989 1124 feci
1019 1084 1084 1123 illa
1113 1084 1257 1131 omnia,
1290 1085 1359 1123 sed
1390 1098 1499 1122 more

1290 1150 1472 1187 modesto
1488 1163 1500 1196 ‚·

58 1219 146 1252 1080
273 1214 378 1261 duxi,
405 1212 525 1251 habui
552 1220 739 1260 scortum,
764 1214 910 1263 potaui,
940 1213 1045 1261 dedi,
1071 1214 1230 1261 donaui,
1260 1222 1298 1253 et
1326 1215 1432 1254 enim
1460 1216 1499 1255 id
1522 1231 1540 1262 5

1399 1291 1494 1315 raro.

166 1358 295 1394 neque
326 1343 514 1394 placitant
546 1357 674 1381 mores
707 1343 842 1393 quibu'
869 1343 988 1382 uideo
1014 1344 1132 1393 uolgo
1150 1341 1227 1394 (in)
1245 1351 1384 1392 gnatos
1413 1357 1498 1381 esse

1295 1416 1475 1458 parentes
1492 1424 1499 1447 2

165 1487 239 1523 ego
259 1474 351 1512 dare
373 1487 436 1512 me
459 1487 547 1512 meo
563 1480 682 1524 gnato
698 1473 858 1521 institui,
878 1481 919 1512 ut
935 1474 1068 1512 animo
1089 1473 1324 1524 opsequium
1347 1487 1500 1512 sumere

1350 1538 1473 1589 possit
1491 1553 1501 1586 3

326 1616 498 1653 aequom
529 1616 614 1642 esse
644 1611 751 1654 puto,
781 1605 851 1643 sed
878 1603 986 1642 nimi‘
1013 1606 1106 1643 nolo
1136 1603 1311 1643 desidiae
1341 1604 1376 1642 ei
1406 1605 1498 1642 dare

1346 1671 1494 1709 ludum.

433 1748 539 1773 nunc
561 1734 867 1782 Mnesilochum,
890 1737 998 1786 quod
1020 1735 1217 1782 mandam,

37 1803 144 1847 1084ss
434 1800 520 1839 uiso
540 1800 684 1850 ecquid
703 1814 794 1839 eum
814 1802 865 1839 ad
885 1801 1069 1839 uirtutem
1090 1809 1157 1839 aut
1176 1802 1228 1840 ad
1519 1821 1558 1843 10

59 1869 144 1912 1085
436 1867 584 1916 frugem
606 1879 725 1916 opera
744 1880 814 1904 sua
834 1867 1078 1918 compulerit,
1102 1867 1156 1906 sic

435 1939 477 1969 ut
498 1945 600 1978 eum,
624 1931 654 1969 si
673 1931 871 1979 conuenit,
895 1932 977 1971 scio
998 1934 1048 1971 fe-

59 1998 146 2034 1086
541 1996 640 2035 cisse
659 2011 666 2035 :
695 2004 781 2036 eost
800 1997 958 2048 ingenio
978 2006 1103 2036 natus.

213 2111 290 2140 1071
318 2101 381 2132 iam
399 2100 474 2131 add.
496 2100 621 2131 Ritschl
779 2112 862 2141 1079
886 2113 948 2141 ego
968 2103 1012 2133 sui
1030 2102 1063 2133 Β
1219 2105 1300 2134 1080
1319 2108 1395 2143 post
1413 2104 1491 2134 1081

164 2144 230 2174 cod.
251 2145 356 2184 (prius
377 2155 441 2176 om.
457 2148 589 2185 propter
601 2144 786 2177 lzomoeotel.
803 2147 813 2176 ’ἒ
832 2146 862 2176 ii.
885 2147 939 2183 6):
965 2147 1037 2178 traz‘.
1060 2146 1203 2187 Scaltger
1299 2148 1360 2177 sed
1372 2147 1495 2178 Acida-

165 2188 230 2217 lt'us
245 2199 252 2218 ε
276 2193 310 2218 et
326 2188 391 2219 cod.
502 2189 581 2219 1081
610 2188 642 2218 in
657 2187 732 2219 add.
755 2187 890 2228 Seyffert
904 2190 941 2229 (i.
960 2196 994 2229 4)
1106 2191 1188 2220 1082
1213 2191 1293 2220 dare
1311 2201 1362 2221 me
1380 2191 1494 2221 ludum

165 2240 241 2261 meo
253 2231 343 2262 cod.:
368 2232 482 2262 ludum
516 2232 553 2270 cs.
576 2232 674 2270 1083)
692 2231 749 2262 del.
769 2231 943 2263 Buecheler
1108 2236 1190 2273 1083
1215 2235 1244 2264 ei
1263 2235 1333 2265 des.
1387 2234 1495 2274 Gaetz,

155 2275 289 2312 favente
304 2275 528 2305 allitteratione
