1727 2712
671 168 1000 205 AVLVLARIA
1425 167 1494 203 IV.
1516 166 1563 203 iv

81 280 149 324 635
171 281 256 318 L.S.
289 279 343 317 nil
363 278 550 329 equidem
574 278 645 318 tibi
665 277 821 329 apstuli.
884 280 982 316 Evc.
1014 285 1053 316 at
1074 277 1170 316 illud
1195 278 1304 328 quod
1326 277 1395 316 tibi
1416 290 1501 326 aps-

1223 345 1366 381 tuleras
1387 343 1498 381 cedo.

169 409 315 461 ecquid
338 409 449 460 agis?
507 411 550 447 L.
569 411 606 448 S.
639 408 735 459 quid
755 408 899 459 agam?
958 409 1055 446 Evc.
1087 409 1238 447 auferre
1268 421 1348 446 non
1376 415 1500 458 potes.

1072 475 1114 512 L.
1134 474 1170 512 S.
1204 472 1301 523 quid
1321 472 1381 511 uis
1401 472 1503 511 tibi?

171 541 267 577 Evc.
291 552 406 590 pone.
468 541 510 577 L.
530 540 566 578 S.
590 539 631 578 id
651 539 813 590 quidem
830 540 895 590 pol
913 546 951 578 te
968 539 1103 578 datare
1119 539 1238 577 credo
1253 546 1501 585 consuetum,
1525 553 1563 576 10

1371 616 1500 642 senex.

170 669 267 705 Evc.
300 681 406 718 pone
427 669 503 706 hoc
525 668 587 715 sis,
610 669 719 706 aufer
739 667 933 714 caninam,
952 680 1033 706 non
1055 680 1128 718 ego
1148 680 1255 706 nunc
1272 680 1395 718 nugas
1415 680 1500 717 ago.

170 734 213 771 L.
233 734 268 772 S.
301 732 398 783 quid
420 746 512 782 ergo
533 734 712 783 ponam?
741 732 837 783 quin
858 740 900 771 tu
921 733 1107 783 eloquere
1131 732 1328 783 quidquid
1348 740 1407 772 est
1429 746 1502 771 suo

1327 797 1499 837 nomine.

81 868 152 911 640
170 876 250 902 non
285 864 416 902 hercle
447 863 633 914 equidem
672 863 885 914 quicquam
920 863 1070 914 sumpsi
1104 876 1178 902 nee
1212 863 1331 914 tetigi.
1403 866 1500 902 Evc.

1063 929 1231 967 ostende
1251 929 1329 967 huc
1350 942 1501 967 manus.

170 994 212 1030 L.
237 995 273 1031 S.
310 1006 373 1031 em
406 992 488 1040 tibi,
517 992 685 1040 ostendi,
719 1005 842 1031 eccas.
904 993 1002 1031 Evc.
1039 992 1169 1031 uideo.
1228 1006 1300 1043 age
1338 994 1505 1031 ostende

1197 1058 1315 1096 etiam
1337 1057 1501 1097 tertiam.

170 1124 212 1161 L.
238 1124 274 1161 S.
316 1125 446 1161 laruae
478 1125 584 1162 hunc
622 1131 742 1174 atque
776 1123 1032 1174 intemperiae
1066 1122 1322 1173 insaniaeque
1355 1123 1503 1174 agitant
1527 1136 1564 1169 15

1355 1202 1501 1227 senem.

170 1252 273 1291 facin
300 1253 480 1291 iniuriam
503 1253 555 1291 mi
578 1251 777 1306 [annon]?
837 1255 934 1292 Evc.
967 1255 1101 1301 fateor,
1121 1253 1212 1303 quia
1234 1267 1314 1291 non
1340 1255 1501 1303 pendes,

1266 1332 1501 1358 maxumam.

169 1390 288 1433 atque
309 1383 348 1421 id
370 1396 530 1433 quoque
551 1383 627 1421 iam
649 1385 725 1429 fiet,
745 1383 818 1422 nisi
840 1384 969 1422 fatere.
1027 1385 1068 1422 L.
1086 1385 1121 1422 S.
1146 1383 1243 1434 quid
1264 1385 1384 1422 fatear
1404 1384 1504 1422 tibi?

82 1450 149 1494 645
172 1449 269 1486 Evc.
302 1448 398 1498 quid
418 1448 611 1498 apstulisti
633 1448 755 1487 hinc?
813 1450 855 1487 L.
875 1451 911 1488 S.
944 1449 984 1487 di
1012 1462 1075 1487 me
1096 1450 1274 1500 perdant,
1297 1449 1327 1487 si
1349 1462 1421 1499 ego
1448 1449 1504 1487 tui

1113 1514 1327 1564 quicquam
1347 1515 1501 1565 apstuli,

170 1578 262 1617 niue
295 1580 397 1617 adeo
430 1578 638 1629 apstulisse
673 1580 827 1617 uellem.
908 1580 1004 1628 Evc.
1047 1579 1228 1629 agedum,
1265 1581 1502 1618 excutedum

1327 1645 1499 1695 pallium.

170 1709 213 1747 L.
233 1710 269 1748 S.
301 1715 370 1747 tuo
399 1708 597 1748 arbitratu.
663 1711 760 1748 Evc.
794 1723 844 1748 ne
874 1709 973 1748 inter
1000 1709 1152 1748 tunicas
1182 1710 1339 1749 habeas
1401 1712 1443 1749 L.
1463 1712 1499 1750 S.
1525 1727 1565 1750 20

1111 1783 1262 1826 tempta
1281 1789 1360 1826 qua
1380 1777 1498 1815 lubet.

170 1839 268 1876 Evc.
300 1839 390 1885 uah,
420 1840 607 1877 scelestus
637 1852 757 1889 quam
788 1839 969 1889 benigne,
1002 1846 1044 1878 ut
1074 1853 1124 1878 ne
1158 1840 1367 1890 apstulisse
1394 1840 1502 1879 intel-

1351 1907 1476 1956 legam
1495 1910 1501 1944 l

169 1967 262 2005 noui
284 1968 571 2019 sycophantias.
631 1982 702 2019 age
723 1982 868 2008 rusum.
928 1970 1094 2008 ostende
1115 1970 1193 2008 huc
1215 1983 1375 2008 manum

82 2034 152 2080 650
169 2034 379 2072 dexteram.
443 2036 484 2072 L.
508 2036 543 2072 S.
577 2048 650 2072 em.
716 2036 811 2072 Evc.
845 2048 952 2073 nunc
982 2036 1135 2073 laeuam
1171 2037 1348 2074 ostende.
1400 2037 1442 2074 L.
1463 2037 1498 2074 S.

851 2100 947 2150 quin
968 2100 1154 2151 equidem
1175 2102 1312 2139 ambas
1333 2103 1498 2151 profero.

209 2204 274 2242 635
289 2203 371 2242 sort.
385 2203 444 2233 tibi
462 2203 551 2243 quod
705 2205 770 2242 636
792 2203 914 2246 (hinc)
946 2204 1080 2235 auferre
1110 2204 1190 2235 Reiz
1377 2207 1440 2245 637
1467 2206 1499 2237 id

167 2246 316 2277 Parcus:
341 2247 373 2277 di
394 2246 458 2277 cod.
638 2248 702 2285 639
726 2257 790 2286 ego
812 2247 887 2278 Ital.
1080 2250 1146 2287 640
1172 2258 1238 2278 non
1262 2248 1417 2288 equidem
1436 2260 1500 2288 ego

167 2299 233 2329 qua
251 2290 426 2330 uoluptate
445 2291 542 2330 (Cipro
557 2290 734 2329 quicquam
749 2302 768 2321 a
781 2292 829 2329 te)
849 2292 951 2321 sumsi
970 2302 1079 2330 neque
1097 2292 1194 2331 tetigi
1211 2291 1299 2324 codd.
1316 2291 1422 2323 Nonii
1435 2295 1501 2332 396

166 2334 231 2372 643
255 2333 382 2377 facisne
398 2333 463 2365 cod.
568 2344 680 2364 annon
705 2333 762 2365 del.
788 2333 928 2375 Langen
1017 2336 1082 2374 648
1105 2335 1155 2366 vel
1169 2335 1347 2367 scelestu’s
1434 2337 1500 2377 649

166 2376 195 2406 si
212 2383 424 2416 conpantyas
442 2377 505 2408 zod.
598 2387 696 2407 rusus
713 2378 755 2416 (Ἰ)
775 2377 840 2408 Leo
