1727 2702
161 115 216 156 ΙΙ.
237 118 283 157 iii
655 121 699 158 T.
735 118 914 161 MACCI
948 120 1150 161 PLAVTI

156 245 217 267 110
241 232 315 269 DE.
348 231 520 281 quiesce,
544 232 716 283 inquam.
777 233 901 272 istanc
931 235 1011 273 re'm
1041 248 1115 285 ego
1145 241 1248 273 recte
1278 234 1425 274 uidero.
1485 235 1562 275 CH.

999 299 1095 349 quid
1115 299 1204 338 ais?
1262 302 1337 338 DE.
1361 299 1456 351 quid
1477 302 1565 340 est?

234 362 312 401 Cn.
345 375 425 400 non
461 375 534 412 ego
569 361 674 401 illam
706 363 918 414 mancupio
948 364 1094 414 accepi.
1156 366 1230 402 DE.
1263 366 1333 403 sed
1363 364 1426 404 ille
1457 365 1562 404 illam

1229 429 1406 480 accipiet.
1465 429 1560 468 sine.

233 493 311 532 CH.
346 505 425 531 non
461 500 574 542 potes
609 500 650 531 tu
685 494 770 544 lege
809 495 981 533 uendere
1020 493 1136 532 illam.
1198 496 1273 532 DE.
1311 507 1384 544 ego
1413 493 1563 544 aliquid
1581 504 1651 541 450
1708 491 1710 493 ’

1413 559 1560 598 uidero.

233 624 310 663 CH.
345 630 432 672 post
452 630 584 662 autem
607 631 857 662 communest
879 623 943 662 illa
963 623 1059 662 mihi
1080 638 1170 663 cum
1191 624 1279 663 cilio.
1339 624 1406 675 qui
1427 624 1510 663 scio

232 687 328 737 quid
350 687 397 725 sit
419 687 452 726 ei
474 687 609 736 animi,
630 687 818 727 uenirenc
837 702 925 727 cam
946 688 1042 727 uelit
1061 703 1111 726 an
1133 702 1212 727 non
1235 688 1361 727 uelit?

154 763 213 795 115
236 754 310 790 DE.
343 765 417 803 ego
433 752 515 791 scio
535 754 647 791 uelle.
709 754 786 793 CH.
817 761 857 791 at
877 755 943 804 pol
963 767 1037 804 ego
1057 767 1142 792 esse
1162 755 1282 792 credo
1302 753 1472 804 aliquem
1494 754 1561 805 qui

1353 832 1433 857 non
1454 818 1558 858 uelit.

234 884 308 921 DE.
343 882 439 933 quid
480 883 519 922 id
561 897 648 922 mea
686 884 830 922 refert?
883 885 963 924 CH.
1010 884 1102 935 quia
1131 884 1184 922 illi
1215 897 1325 922 suam
1356 897 1436 923 rem
1476 897 1561 923 esse

1139 957 1346 1000 aequomst
1367 949 1405 987 in
1428 962 1558 988 manu.

235 1016 310 1053 DE.
342 1013 438 1064 quid
467 1013 556 1052 ais?
613 1015 690 1054 CH.
722 1014 946 1054 communis
977 1014 1073 1053 mihi
1103 1014 1167 1053 illa
1196 1022 1254 1053 est
1283 1027 1373 1052 cum
1403 1013 1493 1052 illo:
1528 1013 1560 1053 is
1578 1019 1645 1057 455

1123 1079 1187 1118 hic
1208 1093 1313 1118 nunc
1334 1092 1415 1118 non
1434 1080 1558 1118 adest.

233 1146 308 1182 lm.
342 1145 437 1195 priu'
464 1146 679 1195 respondes
708 1158 828 1196 quam
858 1158 964 1197 rogo.
1033 1146 1111 1186 CH.
1143 1144 1240 1196 priu’
1261 1146 1302 1183 tti
1323 1144 1421 1183 emis
1441 1157 1560 1195 quam

1273 1211 1419 1258 uendo,
1440 1217 1558 1260 pater.

232 1275 376 1322 nescio,
399 1275 572 1326 inquam,
595 1276 690 1315 uelit
710 1276 774 1315 ille
795 1276 900 1315 illam
922 1290 1048 1316 necne
1067 1275 1332 1315 abalienarier.

151 1356 211 1378 120
235 1342 308 1379 DE.
341 1341 468 1391 quid?
498 1340 576 1380 illie
609 1342 772 1392 quidam
804 1342 871 1393 qui
903 1342 1107 1382 mandauit
1132 1341 1202 1381 tibi
1231 1341 1263 1380 si
1293 1349 1454 1386 emetur,
1477 1349 1560 1380 tum

1440 1408 1558 1453 uolet,

231 1471 261 1510 si
283 1485 356 1522 ego
377 1485 468 1510 emo
489 1471 541 1509 illi
564 1472 630 1522 qui
653 1472 867 1519 mandauit,
890 1474 974 1511 ttim
997 1473 1060 1511 ille
1081 1473 1220 1511 nolet?
1249 1471 1345 1510 nihil
1366 1471 1457 1522 agis.

229 1550 448 1587 numquam
476 1537 618 1586 edepol
643 1537 852 1588 quisquam
879 1537 984 1576 illam
1013 1537 1175 1576 habebit
1203 1537 1333 1588 potius
1354 1550 1472 1587 quam
1495 1536 1557 1575 ille
1576 1536 1646 1580 460
1688 1545 1689 1549 ’

1216 1615 1335 1652 quern
1357 1616 1430 1652 ego
1451 1603 1554 1641 uolo.

229 1668 308 1707 CH.
350 1669 621 1706 certumnest?
698 1669 774 1706 DE.
823 1681 969 1706 censen
1008 1675 1157 1706 certum
1197 1669 1315 1706 esse?
1364 1667 1458 1717 quin
1506 1668 1557 1706 ad

1130 1732 1263 1771 nanim
1285 1731 1361 1771 iam
1383 1732 1474 1771 hinc
1495 1746 1554 1779 eo,

228 1797 280 1836 ibi
312 1797 473 1837 uenibit.
533 1799 610 1837 CH.
643 1797 710 1836 uin
738 1812 801 1837 mc
827 1806 957 1837 tecum
979 1798 1046 1837 illo
1066 1798 1149 1837 ire?
1207 1800 1281 1836 DE.
1314 1799 1417 1837 nolo.
1476 1798 1554 1837 CH.

1311 1876 1389 1901 non
1412 1863 1553 1912 places.

146 1943 204 1974 125
231 1929 306 1966 DE.
340 1928 496 1968 meliust
519 1937 556 1968 te
577 1943 680 1979 quae
699 1937 790 1967 sunt
811 1931 1021 1969 mandatae
1041 1943 1100 1968 res
1122 1927 1191 1968 tibi
1215 1927 1462 1979 praeuortier.

228 1995 305 2033 CH.
341 2002 380 2031 tu
404 1993 600 2044 prohibes.
665 1996 738 2032 DE.
771 2005 809 2032 at
831 1994 894 2033 me'
915 1994 1118 2033 incusato:
1150 2001 1186 2032 te
1209 1992 1346 2032 fecisse
1367 1993 1516 2031 sedulo.

224 2060 275 2097 ad
297 2066 452 2109 portum
475 2073 525 2097 ne
547 2059 657 2106 bitas‚
680 2058 771 2098 dico
792 2059 867 2097 iam
891 2058 971 2097 tibi.
1032 2060 1108 2098 CH.
1140 2056 1434 2096 auscultabitur.
1573 2061 1640 2107 465

268 2163 332 2201 448
356 2163 429 2201 agis
452 2162 517 2193 cod.
666 2173 730 2201 449
756 2163 803 2193 vel
818 2174 845 2193 c.
867 2162 965 2193 illanc
1054 2161 1197 2201 accipiet
1223 2159 1388 2201 Scaltger:
1424 2160 1554 2199 accepit

223 2206 289 2238 cod.
392 2216 455 2245 452
481 2206 530 2236 vel
545 2207 698 2237 uenirInc
796 2216 859 2245 454
885 2216 954 2236 rem
972 2215 1067 2237 suam
1084 2205 1116 2236 Β
1217 2214 1280 2243 455
1306 2213 1394 2234 nune
1411 2203 1464 2234 hic
1482 2202 1554 2233 ΡΟ)

224 2259 286 2289 457
305 2249 420 2280 accedit
434 2249 467 2280 A
519 2249 572 2280 ille
589 2261 653 2280 om.
675 2250 706 2278 A
797 2251 862 2288 458
883 2249 980 2289 quid]
1000 2249 1059 2280 scd
1076 2249 1108 2278 A
1179 2249 1335 2288 quoidam
1353 2247 1464 2286 Bothe,
1473 2247 1554 2286 foti.

224 2297 298 2323 secte
374 2294 432 2324 tibi
450 2304 551 2332 usque
565 2293 612 2324 ad
628 2293 797 2324 mandauit
817 2295 907 2333 (459)
931 2304 996 2323 om.
1022 2291 1055 2322 Ρ
1071 2292 1132 2332 (iii.
1155 2296 1207 2329 11)
1341 2292 1406 2330 460
1430 2289 1553 2329 edepol

222 2337 396 2376 quisquam
426 2336 583 2377 [edepol]
606 2337 639 2366 A
745 2338 807 2374 462
834 2337 976 2376 placctst
1001 2335 1034 2366 Β
1052 2339 1129 2366 ante
1151 2345 1228 2366 corr.
1257 2335 1336 2378 (pro
1361 2333 1552 2375 91366η5ῑὲ)

223 2382 285 2419 464
310 2386 344 2411 at
363 2385 398 2411 tu
418 2385 580 2411 excusato
598 2379 630 2409 P
