1727 2712
734 88 964 132 CAPTIVI

186 203 286 244 inter
305 217 377 242 uos
398 202 657 254 permutastis.
718 204 791 240 ΤΥ.
824 203 947 239 fateor
967 200 1101 239 omnia

186 271 288 308 facta
308 282 393 308 esse
414 268 466 306 ita
487 276 528 306 ut
547 266 625 320 (tu)
644 266 752 313 dicis,
776 274 815 305 et
835 265 995 304 fallaciis

186 332 329 372 abiisse
350 347 441 371 eum
461 346 532 383 aps
553 340 591 371 te
612 345 700 370 mea
720 345 838 382 opera
858 338 977 380 atque
1001 330 1168 378 astutia3

98 402 169 437 680
186 412 248 445 an,
272 412 437 449 opsecro
458 399 588 436 hercle
609 405 658 445 te,
681 397 722 436 id
742 410 848 435 nunc
869 409 1075 434 suscenses
1097 395 1225 434 mihi?

189 465 269 502 HE.
302 471 341 502 at
361 477 452 502 curn
474 463 649 502 cruciatu
670 475 856 501 maxumo
877 461 917 500 id
938 463 1123 500 factumst
1137 464 1224 499 tuo.

187 531 259 567 ΤΥ.
292 530 389 568 dum
410 543 459 567 ne
480 530 533 568 ob
555 530 656 567 male
677 529 778 566 facta
798 541 967 578 peream,
991 526 1100 577 parui
1122 526 1326 565 existumo.

187 594 219 633 si
239 608 312 644 ego
332 594 396 633 hic
417 594 564 645 peribo,
588 600 647 632 ast
667 593 730 631 ille
752 600 793 631 ut
814 592 910 631 dixit
931 606 1011 631 non
1033 591 1143 638 redit,

186 667 225 698 at
242 660 312 698 erit
334 659 387 697 mi
408 661 484 698 hoc
505 661 651 697 facturn
672 665 828 697 mortuo
849 656 1117 703 memorabile,

99 728 166 773 685
186 723 285 776 (me)
305 738 438 763 meum
460 738 568 762 erum
590 731 748 774 captum
770 737 816 761 ex
840 722 1026 761 seruitute
1046 729 1165 771 atque
1186 720 1367 759 hostibus

186 791 374 829 reducem
396 789 534 828 fecisse
555 789 721 828 liberum
742 788 782 826 in
803 787 967 838 patriam
988 788 1039 825 ad
1060 794 1223 837 patrem,

188 869 401 905 meumque
423 854 553 905 potius
575 868 638 892 me
659 861 776 904 caput
797 853 972 903 periculo

187 920 484 971 praeoptauisse
505 933 625 970 quam
649 919 680 957 is
702 918 843 970 periret
864 932 1021 969 ponere.

190 987 270 1023 HE.
303 985 421 1024 facito
442 999 533 1035 ergo
553 992 595 1023 ut
615 984 857 1023 Accherunti
878 985 1008 1022 clueas
1029 983 1162 1033 gloria.

99 1052 171 1095 690
188 1052 262 1089 Tv.
294 1051 362 1101 qui
383 1065 452 1101 per
471 1051 656 1089 uirtutem
677 1049 801 1100 periit,
824 1057 863 1088 at
897 1063 978 1088 non
1000 1049 1139 1087 interit.

190 1118 271 1154 HE.
303 1117 465 1167 quando
487 1129 560 1166 ego
581 1123 618 1154 te
639 1115 827 1166 exemplis
848 1115 1072 1154 excruciaro
1093 1113 1287 1164 pessumis

186 1189 306 1232 atque
327 1182 380 1220 ob
401 1183 545 1220 sutelas
566 1189 651 1220 tuas
672 1189 710 1220 te
731 1181 845 1220 morti
868 1181 1022 1227 misero,

187 1249 251 1286 uel
273 1256 309 1286 te
330 1246 521 1285 interiisse
541 1248 604 1285 uel
625 1246 785 1296 periisse
805 1245 1034 1296 praedicent
1051 1260 1062 1293 ς

188 1313 284 1351 dum
305 1326 450 1362 pereas,
476 1311 571 1350 nihil
593 1310 785 1350 interdico
805 1310 911 1349 aiant
932 1311 1076 1349 uiuere.

100 1377 167 1422 695
188 1379 261 1415 ΤΥ.
294 1379 360 1428 pol
381 1377 413 1416 si
434 1377 534 1416 istuc
554 1377 660 1424 faxis,
684 1378 762 1415 hau
783 1376 866 1415 sine
887 1390 1016 1426 poena
1036 1375 1187 1425 feceris,

188 1442 218 1482 si
240 1442 303 1482 ille
325 1444 402 1481 huc
423 1443 576 1489 rebitet,
597 1442 696 1481 sicut
717 1443 878 1481 confido
898 1443 1043 1481 adfore.

188 1510 264 1546 AR.
298 1522 369 1559 pro
390 1508 430 1547 di
451 1508 677 1547 inmortales
697 1510 704 1545 1
735 1520 841 1545 nunc
862 1521 935 1557 ego
955 1514 1087 1554 teneo,
1107 1520 1213 1545 nunc
1234 1505 1316 1544 scio

188 1573 284 1624 quid
304 1575 382 1613 hoc
403 1576 451 1613 sit
471 1574 615 1624 negoti.
676 1574 778 1612 meu’
799 1573 944 1611 sodalis
966 1572 1208 1611 Philocrates

188 1638 228 1677 in
249 1639 427 1678 libertate
448 1646 506 1678 est
526 1641 576 1678 ad
598 1646 748 1688 patrem
769 1637 808 1676 in
830 1637 963 1688 patria.
1023 1638 1125 1676 bene
1145 1644 1215 1684 est,

102 1716 171 1751 700
188 1719 262 1744 nec
281 1703 485 1757 (usquam)
505 1704 714 1754 quisquam
736 1711 794 1742 est
815 1703 868 1741 mi
889 1716 1015 1753 aeque
1036 1702 1175 1741 melius
1196 1702 1290 1752 quoi
1311 1702 1442 1741 uelim.

187 1770 257 1808 sed
278 1770 354 1808 hoc
375 1769 472 1807 mihi
491 1782 605 1819 aegre
625 1776 693 1816 est,
713 1782 776 1807 me
796 1768 888 1807 huic
908 1767 1066 1807 dedisse
1086 1781 1244 1818 operam
1267 1769 1422 1815 malam,

186 1834 253 1885 qui
274 1849 380 1873 nunc
401 1842 559 1885 propter
579 1848 642 1872 me
663 1848 830 1884 meaque
850 1834 972 1872 uerba
991 1834 1148 1872 uinctus
1169 1841 1238 1872 est.

188 1901 269 1939 HE.
301 1900 441 1939 uotuin
462 1908 499 1938 te
520 1899 734 1950 quicquam
755 1899 808 1938 mi
829 1899 949 1939 hodie
970 1901 1109 1938 falsum
1131 1899 1343 1950 proloqui?

1439 85 1516 127 111.
1538 99 1570 125 v

1551 275 1592 297 20

1551 601 1591 633 25

1548 926 1590 956 30

1549 1258 1588 1289 35

1545 1584 1586 1616 40

1543 1910 1583 1942 45

231 2006 295 2043 678
320 2009 357 2035 ut
374 2003 454 2046 (tu)
468 2004 680 2035 Camerarius
695 2014 702 2033 ε
715 2003 796 2042 sort.
816 2009 849 2034 ut
863 2003 995 2046 (sacta)
1127 2004 1192 2034 682
1218 2003 1385 2033 existumo
1397 2001 1502 2033 Bothe
1516 2014 1522 2033 :

189 2052 321 2078 estumo
346 2048 412 2079 cod.
444 2048 479 2087 (i.
493 2059 516 2079 e.
550 2047 652 2086 aesb)
671 2059 678 2078 ι
701 2046 779 2089 (id)
796 2052 878 2078 aest.
900 2047 1040 2088 Pylades
1129 2049 1193 2086 685
1219 2057 1271 2077 me
1289 2046 1364 2077 add.
1385 2045 1524 2084 Pylades

188 2093 249 2130 691
277 2092 444 2131 pessumis
462 2091 705 2122 excruciauero
723 2090 789 2121 cod.
806 2103 812 2121 :
840 2092 912 2122 trai.
931 2091 1034 2122 Bothe
1052 2091 1086 2131 (i,
1101 2102 1133 2130 p.
1148 2093 1204 2129 37)
1296 2093 1359 2130 694
1386 2090 1522 2120 interdo

188 2134 329 2175 Spengel
458 2135 552 2165 aiant
570 2135 740 2164 Fleckezsen
757 2146 762 2164 :
789 2135 904 2166 dicant
927 2135 992 2165 cod.
1017 2137 1093 2175 (pro
1111 2136 1217 2165 diam>
1241 2134 1275 2167 (d
1290 2139 1353 2174 pro
1370 2144 1410 2171 a;
1435 2134 1471 2172 es.
1490 2144 1519 2164 v.

192 2188 231 2217 72
260 2179 314 2209 dio
337 2184 400 2219 pro
425 2179 493 2216 aio)
628 2180 693 2217 696
717 2178 839 2209 rebitet
865 2178 1044 2218 ‘quidam'
1071 2183 1122 2218 ap.
1152 2178 1322 2208 Parcum:
1347 2177 1469 2207 redibit
1487 2181 1521 2207 et

189 2221 256 2253 cod.
285 2222 319 2261 (i.
346 2222 380 2261 7)
447 2222 552 2252 affore
578 2221 662 2252 Pius
680 2233 686 2251 :
710 2222 828 2252 afforet
850 2222 916 2253 cod.
1019 2223 1083 2259 698
1108 2222 1169 2252 hoc
1187 2222 1229 2252 sit
1246 2221 1350 2251 Botlze
1368 2232 1374 2251 ε
1399 2220 1520 2250 sithoc

190 2265 269 2304 cod.,
289 2269 398 2296 contra
417 2270 561 2295 metrum
655 2267 720 2304 699
743 2265 830 2296 bene
847 2271 900 2296 est
915 2266 949 2295 in
967 2266 1057 2296 initio
1073 2276 1103 2296 v.
1127 2275 1190 2303 700
1207 2266 1239 2295 ιἰι
1258 2264 1335 2303 cod.⁷
1351 2264 1412 2303 qui
1424 2267 1522 2294 totzus

188 2309 249 2338 loci
262 2319 415 2339 versuum
435 2309 655 2340 discretionem
673 2309 833 2340 turbavtt:
863 2310 919 2340 vix
934 2310 1020 2339 bene
1041 2314 1104 2347 est,
1123 2309 1218 2338 Bene
1238 2313 1301 2346 est,
1320 2318 1382 2338 nec

1459 2317 1522 2346 700

191 2362 333 2392 usquam
349 2352 425 2384 add.
439 2352 556 2393 Lange
571 2352 688 2395 (Fleck.
703 2352 822 2391 Jahrb.
845 2354 939 2392 1894,
957 2364 991 2393 p.
1009 2354 1088 2392 283)
1147 2352 1190 2382 mi
1208 2351 1335 2394 (alius)
1348 2350 1520 2382 Fleckezsen
