1727 2702
84 136 137 173 11.
162 136 206 172 iii
582 137 628 173 T.
663 136 841 174 MACCI
875 136 1076 174 PLAVTI

96 258 137 298 85
161 261 235 286 nec
255 247 475 298 quoiquam
499 248 536 286 in
560 247 651 286 naui
674 247 823 287 uoluit:
853 261 902 287 eo
922 261 995 298 ego
1016 247 1151 286 nescio

159 313 395 362 quantillum
416 313 587 352 attulerit
604 328 614 361 ;
642 326 779 352 uerum
801 315 878 352 hau
901 314 1138 363 permultum
1159 312 1297 352 attulit.
1511 322 1580 358 320

158 379 195 416 N
201 390 224 416 1.
257 378 375 417 etiam
396 377 606 417 dimidium
627 380 798 417 censes?
854 379 931 418 Cu.
965 391 1045 417 non
1066 378 1207 428 edepol
1229 376 1311 417 scio
1330 392 1338 424 ;

156 456 293 481 uerum
315 444 421 482 haud
442 442 592 494 opinor.
653 443 719 482 Νι.
752 444 875 482 fertne
896 449 1045 493 partem
1067 441 1250 480 tertiam?

157 510 235 548 CH.
269 522 348 548 non
369 510 500 548 hercle
520 508 686 558 opinor;
714 522 850 548 uerum
872 521 1009 547 uerum
1031 506 1175 546 nescio.

95 589 139 622 90
158 573 334 622 profecto
354 574 404 611 de
424 585 519 611 auro
540 572 594 611 nil
615 572 697 611 scio
717 572 791 611 nisi
812 572 957 612 nescio.

155 650 261 675 nunc
283 637 436 676 tibimet
457 637 547 676 illuc
568 637 659 676 naui
679 637 959 688 capiundumst
979 628 1059 684 iter,
1512 651 1578 688 325

156 709 198 740 ut
220 702 314 740 illud
336 710 509 752 reportes
529 715 668 740 aurum
689 703 739 741 ab
760 702 974 741 Theotimo
994 703 1170 740 domum.

155 775 273 817 atque
294 768 391 806 heus
413 776 464 806 tu.
526 769 591 806 Νι.
624 767 720 818 quid
741 767 832 806 uis?
888 768 966 807 CH.
997 768 1159 805 anulum
1181 765 1286 817 gnati
1307 766 1363 805 tui

96 882 99 890 Ι
156 831 273 870 facito
295 840 336 870 ut
359 832 582 871 memineris
603 834 710 872 ferre.
771 834 836 871 Nl.
869 832 964 882 quid
985 840 1101 882 opust
1121 833 1270 870 anulo?

51 892 136 1001 l&
158 898 235 937 CH.
269 897 361 947 quia
382 897 421 936 id
443 899 635 948 signumst
656 911 747 936 cum
769 897 994 944 Theotimo,
1018 897 1086 947 qui
1107 909 1198 935 eum
1219 895 1270 934 illi
1293 897 1453 943 adseret,

156 962 191 1001 ei
211 976 348 1001 aurum
371 970 412 1001 ut
433 964 583 1002 reddat.
644 964 710 1002 Νι.
744 962 974 1011 meminero,
994 970 1032 1001 et
1053 969 1158 1001 recte
1179 974 1328 1000 mones.
1513 975 1581 1009 330

155 1030 224 1067 sed
247 1029 332 1067 istic
352 1028 589 1068 Theotimus
611 1028 777 1068 diuesne
797 1031 888 1068 est?
945 1029 1022 1069 CH.
1055 1028 1173 1068 etiam
1195 1029 1336 1078 rogas?
1383 1021 1397 1033 '¹

154 1094 219 1144 qui
242 1094 384 1133 habeat
404 1108 498 1133 auro
519 1094 645 1133 soccis
665 1095 900 1144 subpactum
922 1095 1082 1133 solum?

155 1161 220 1198 Ni.
253 1173 326 1209 qur
346 1159 399 1197 ita
420 1159 597 1198 fastidit?
653 1160 731 1200 CH.
763 1166 890 1198 tantas
911 1158 1068 1198 diuitias
1089 1158 1234 1207 habet;

78 1241 135 1263 100
154 1224 279 1263 nescit
300 1223 395 1275 quid
417 1224 532 1263 saciat
551 1238 657 1263 auro.
718 1225 784 1263 Νι.
817 1223 912 1262 mihi
932 1223 1084 1264 dederit
1105 1223 1235 1263 uelim.

154 1290 224 1328 sed
245 1289 311 1340 qui
334 1296 538 1339 praesente
559 1289 600 1328 id
620 1302 759 1328 aurum
780 1289 995 1328 Theotimo
1020 1290 1225 1329 datumst?
1514 1299 1579 1336 335

155 1355 233 1393 CH.
266 1355 414 1405 populo
436 1361 641 1404 praesente
661 1369 668 1392 :
698 1355 845 1393 nullust
868 1354 1016 1405 Ephesi
1037 1353 1133 1404 quin
1154 1352 1262 1393 sciat,
1408 1364 1553 1394 ff‘f-
1589 1381 1608 1385 -

157 1420 221 1457 Nl.
255 1419 354 1458 istuc
375 1418 571 1470 sapienter
591 1420 729 1458 saltem
751 1418 841 1458 fecit
863 1419 976 1467 filius,

156 1497 277 1535 quom
300 1483 411 1523 diuiti
435 1483 585 1522 homini
608 1484 647 1522 id
668 1497 805 1522 aurum
828 1485 1066 1523 seruandum
1087 1483 1223 1532 dedit3

78 1560 135 1592 105
155 1549 206 1587 ab
228 1563 275 1588 co
296 1549 428 1588 licebit
450 1549 632 1599 quamuis
653 1549 785 1588 subito
805 1563 979 1600 sumere.-

156 1616 235 1653 Cn.
266 1614 389 1652 immo
409 1627 472 1653 em
493 1613 681 1664 tantisper
701 1627 918 1665 numquam
937 1606 1213 1675 tyn-rorabitur
1514 1621 1584 1657 340

156 1679 250 1730 quin
273 1679 420 1718 habeas
442 1679 539 1718 illud
559 1692 640 1730 quo
661 1679 726 1719 die
748 1680 840 1718 illuc
862 1679 1025 1719 ueneris.

158 1745 223 1783 Νι.
256 1744 467 1783 censebam
490 1757 553 1783 me
573 1744 766 1796 ecfugisse
785 1757 809 1783 a
829 1744 910 1783 uita
932 1743 1149 1791 marituma,

158 1823 207 1849 ne
228 1809 451 1859 nauigarem
474 1810 634 1849 tandem
656 1811 732 1849 hoc
752 1809 890 1848 aetatis
910 1823 1053 1858 senex3

78 1888 138 1910 110
159 1874 197 1914 id
220 1875 270 1913 mi
293 1876 398 1914 haud
420 1882 548 1913 utrum
571 1875 689 1914 uelim
711 1875 827 1914 licere
848 1875 1032 1926 intellego
1051 1890 1058 1913 :

156 1939 208 1978 ita
228 1939 354 1983 bellus
373 1941 520 1990 hospes
542 1940 633 1979 secit
654 1940 968 1979 Archidemides.
1514 1948 1580 1984 345

155 2004 221 2043 ubi
244 2018 348 2043 nunc
368 2012 426 2044 est
446 2018 538 2054 ergo
560 2007 660 2044 meu’
683 2005 954 2044 Mnesilochus
975 2004 1108 2043 filius?

158 2071 235 2109 CH.
267 2071 363 2108 deos
384 2077 503 2120 atque
522 2069 671 2109 amicos
692 2070 734 2109 iit
755 2072 965 2109 salutatum
986 2071 1037 2109 ad
1058 2071 1195 2109 forum.

159 2136 225 2173 N1.
256 2143 295 2173 at
316 2148 388 2184 ego
410 2134 502 2173 hinc
521 2136 572 2173 ad
594 2134 714 2182 illum,
738 2142 780 2173 ut
800 2134 1037 2174 conueniam
1058 2142 1250 2185 quantum
1272 2143 1467 2186 potest.—

201 2248 266 2278 320
296 2236 496 2277 quantillum
516 2236 672 2277 Pyladae's:
697 2238 894 2276 quantulum
916 2236 981 2269 rod.
1001 2238 1051 2278 (cſs
1070 2238 1117 2269 ad
1131 2239 1209 2278 7053
1342 2249 1494 2280 3²2s323

157 2282 205 2312 vel
219 2282 320 2321 opino
422 2291 486 2320 329
513 2281 621 2312 adfert
644 2291 723 2312 corr.
754 2281 853 2312 -serct
876 2281 942 2313 cod.
1043 2291 1104 2321 33¹
1133 2282 1275 2313 diuesnc
1300 2283 1492 2321 (edisne'l)

158 2331 209 2356 cst
227 2326 301 2356 istic
318 2325 379 2357 Th.
400 2324 465 2355 cod.
483 2337 489 2355 :
514 2325 584 2355 trat'.
607 2324 709 2355 Bothe
797 2334 860 2364 332
884 2326 939 2364 qui
959 2335 1040 2356 auro
1059 2326 1179 2356 habeat
1196 2325 1260 2356 cod.
1282 2336 1288 2355 :
1312 2327 1391 2365 quin
1412 2327 1443 2357 h.
1461 2337 1490 2357 a.

157 2368 257 2399 Bothe*
320 2369 463 2399 habebat
476 2367 618 2410 Spcngel
704 2378 766 2408 333
786 2367 841 2399 Νι.
856 2370 936 2400 cur?
959 2369 1026 2400 Cn.
1043 2370 1088 2401 ita
1100 2369 1239 2408 fastidit,
1252 2374 1364 2401 tantas
1375 2370 1418 2412 (ἒ)
1430 2368 1495 2401 Leo

156 2414 221 2452 348
244 2411 326 2454 (co)
339 2412 380 2443 ad
394 2412 520 2443 Ra'tschl
620 2421 807 2443 conuenam
826 2412 952 2443 Ritsch!
