1727 2712
610 135 960 173 AMPHITRVO
1415 137 1446 174 I.
1468 136 1514 173 iii

32 254 95 292 505
118 244 233 284 citius
252 245 362 295 quod
383 258 464 284 non
483 246 589 284 facto
609 252 667 284 est
687 258 781 284 usus
796 246 840 284 fit
860 258 980 296 quarn
1000 247 1110 298 quod
1130 247 1236 285 facto
1256 254 1315 286 est
1335 260 1446 298 opus.

118 312 200 349 ΜΕ.
237 309 354 349 nimis
392 310 458 349 hic
495 310 633 350 scitust
667 311 921 362 sycophanta,
954 311 1022 362 qui
1060 311 1223 363 quidem
1263 314 1365 351 meu'
1399 313 1448 351 sit

1353 384 1444 416 ater.

113 447 376 491 opseruatote,
395 439 475 494 (ut)
492 454 613 492 quam
633 441 780 480 blande
801 441 954 480 mulieri
974 441 1208 493 palpabitur.
1325 391 1351 428 p

114 508 188 545 AL.
220 513 373 545 ecastor
393 513 432 546 te
452 506 630 557 experior
649 505 786 557 quanti
807 506 927 545 facias
948 520 1110 546 uxorem
1132 515 1252 546 tuam.
1471 521 1511 543 10

116 572 174 611 Iv.
207 571 308 610 satin
336 571 461 611 habes
490 571 522 610 si
556 571 792 610 feminarum
828 573 936 611 nulla
965 580 1024 612 est
1054 586 1174 623 quam
1204 585 1332 623 acque
1365 572 1449 612 dili-

1330 651 1419 689 gam
1432 640 1449 677 Ρ

31 714 99 749 ςῐο
117 704 203 742 ΜΕ.
234 703 376 753 edepol
397 715 448 741 ne
468 701 534 741 illa
553 701 585 741 si
606 701 689 741 istis
709 702 827 742 rebus
848 710 887 742 te
907 702 1005 742 sciat
1025 716 1186 754 operam
1207 705 1312 751 dare,

115 781 188 818 ego
208 767 325 806 faxim
347 768 414 806 ted
434 766 769 818 Amphitruonem
791 767 877 806 esse
898 768 1010 806 malis
1031 781 1150 819 quam
1173 770 1324 808 Iouem.

115 835 190 873 AL.
222 831 385 883 experiri
405 832 506 871 istuc
527 834 738 872 mauellem
759 846 824 872 me
844 846 964 884 quam
986 833 1040 872 mi
1062 834 1323 873 memorarier.

115 899 221 950 prius
240 897 325 937 abis
345 911 466 948 quam
487 899 610 937 lectus
631 897 699 937 ubi
719 898 891 936 cubuisti
912 899 1111 938 concaluit
1131 901 1251 938 locus.
1471 912 1507 945 15

116 964 199 1004 heri
219 962 362 1002 uenisti
383 963 515 1002 media
534 970 662 1011 nocte,
685 977 792 1002 nunc
812 964 908 1003 abis.
969 965 1113 1004 hoccin
1133 967 1291 1016 placet?

31 1037 95 1075 515
118 1031 202 1068 ME.
234 1029 422 1068 accedam
443 1036 562 1079 atque
583 1030 685 1067 hanc
705 1030 917 1080 appellabo
938 1037 977 1069 et
998 1031 1317 1081 subparasitabor
1337 1031 1446 1082 patri.

116 1107 334 1145 numquam
361 1094 504 1144 edepol
531 1106 773 1144 quemquam
801 1096 1007 1134 mortalem
1039 1097 1158 1135 credo
1185 1110 1258 1147 ego
1290 1110 1449 1136 uxorem

1339 1176 1450 1202 suam

117 1226 172 1264 sic
192 1225 376 1264 ecflictim
395 1238 537 1273 amare,
561 1225 728 1276 proinde
748 1234 790 1265 ut
811 1226 875 1265 hic
895 1235 934 1266 te
954 1226 1138 1266 ecflictim
1159 1228 1319 1279 deperit.

119 1292 177 1330 1v.
209 1291 406 1338 carnufeX,
429 1302 511 1328 non
532 1303 605 1341 ego
626 1298 664 1329 te
684 1291 809 1329 noui?
838 1291 931 1330 abin
952 1305 974 1330 e
994 1301 1211 1343 conspectu
1232 1296 1352 1332 meo?
1472 1307 1512 1328 20

117 1356 214 1406 quid
235 1355 305 1394 tibi
325 1357 428 1394 hanc
449 1355 599 1395 curatio
620 1364 678 1395 est
699 1370 792 1405 rem,
816 1358 993 1405 uerbero,
1015 1366 1083 1396 aut
1104 1358 1306 1397 muttitio?

31 1434 101 1472 5²0
117 1421 226 1472 quoii
260 1434 334 1472 ego
373 1421 450 1460 iam
485 1423 562 1460 hoc
602 1421 909 1473 scipione—AL.
946 1424 997 1461 ah
1032 1423 1124 1462 noli.
1200 1425 1257 1462 Iv.
1293 1425 1451 1464 muttito

1316 1492 1448 1530 modo.

119 1554 203 1592 ME.
236 1553 417 1604 nequiter
437 1567 564 1604 paene
585 1554 786 1605 expediuit
806 1553 931 1605 prima
951 1554 1187 1605 parasitatio.

120 1619 178 1657 Iv.
211 1632 347 1658 uerum
369 1621 478 1670 quod
499 1628 541 1658 tu
565 1620 675 1668 dicis,
700 1633 788 1659 mea
808 1633 915 1667 uxor,
938 1633 1019 1658 non
1039 1627 1078 1659 te
1099 1620 1152 1658 mi
1173 1621 1285 1660 irasci
1301 1623 1427 1661 decet.

118 1685 342 1723 clanculum
363 1684 441 1723 abii
459 1701 465 1723 :
495 1685 518 1723 a
538 1685 692 1736 legione
713 1686 873 1735 operam
895 1687 997 1724 hanc
1018 1687 1198 1737 surrupui
1219 1687 1300 1734 tibi,
1474 1701 1512 1734 25·

119 1763 166 1788 ex
187 1763 250 1788 me
270 1750 397 1800 primo
416 1749 495 1803 (ut)
513 1750 639 1801 prima
658 1750 776 1790 scires
797 1765 878 1790 rem
900 1758 942 1789 ut
962 1751 1170 1801 gessissem
1191 1752 1401 1802 publicam.

34 1823 99 1860 525
120 1827 166 1853 ea
186 1814 255 1853 tibi
277 1815 411 1853 omnia
431 1816 618 1854 enarraui.
678 1816 752 1855 nisi
773 1824 811 1855 te
831 1829 1004 1855 amarem
1025 1818 1264 1866 plurumum,

120 1893 201 1918 non
235 1881 413 1919 facerem.
486 1882 570 1919 ME.
604 1881 747 1920 facitne
783 1889 825 1920 ut
856 1881 966 1920 dixi?
1005 1881 1185 1920 timidam
1219 1885 1338 1933 palpo
1372 1897 1454 1933 per-

1343 1956 1451 1987 cutit.

121 2010 179 2048 Iv.
212 2024 328 2058 nunc,
358 2025 408 2049 ne
438 2011 539 2062 legio
568 2012 835 2062 persentiscat,
865 2013 966 2052 clam
996 2013 1088 2052 illuc
1118 2015 1365 2052 redeundum
1396 2022 1454 2052 est

1344 2079 1452 2127 mihi,

119 2154 170 2180 ne
190 2154 254 2180 me
275 2154 436 2180 uxorem
457 2142 717 2192 praeuortisse
738 2143 872 2182 dicant
893 2157 986 2194 prae
1005 2158 1046 2183 re
1066 2144 1235 2195 publica.
1472 2158 1513 2190 30

164 2253 226 2284 507
253 2249 289 2275 ut
305 2254 404 2283 quarn
420 2245 551 2285 scripsi:
577 2256 676 2285 quam
693 2246 759 2277 cod.
782 2252 869 2277 'cum
887 2247 950 2278 cod.
967 2247 1074 2279 Schol.
1095 2248 1183 2288 Verg.
1200 2247 1286 2279 Aen.
1303 2258 1335 2286 2,
1353 2247 1432 2288 725)
1446 2260 1453 2279 z

121 2292 158 2319 ut
174 2287 264 2319 codd.
282 2287 410 2319 Donati
422 2288 562 2329 Adelph.
585 2290 667 2329 prol.
688 2300 707 2320 2
724 2302 731 2321 ι
756 2300 832 2321 eum
850 2301 949 2330 quam
967 2291 1070 2322 Bothe
1157 2292 1233 2322 rnul.
1256 2293 1348 2332 palp.
1363 2293 1427 2323 cod.
1446 2304 1452 2323 ε

122 2331 346 2370 suppalpatur
360 2332 544 2373 (palpetur)
569 2333 647 2364 rnul.
665 2332 752 2364 codd.
777 2333 884 2365 Sclzol.
918 2333 1007 2373 Vng.
1035 2338 1064 2364 et
1086 2334 1215 2365 Donati
1389 2346 1454 2375 520

121 2375 268 2414 quolego
285 2374 350 2406 cod.
376 2375 400 2415 (l
412 2381 474 2416 pro
488 2377 517 2417 j)
672 2386 736 2416 523
759 2378 796 2416 cf.
818 2377 941 2417 soum.
970 2378 1056 2409 Pln'l.
1077 2379 1128 2416 26,
1160 2389 1224 2417 292
1389 2390 1451 2419 524

123 2422 160 2449 ut
176 2417 251 2450 add.
271 2418 442 2451 Fleckeisen
