1727 2702
189 93 218 131 Ι.

185 543 223 577 75

184 869 228 900 80

186 1531 231 1564 90

189 1858 231 1890 95

241 93 255 130 1
638 95 685 132 T.
717 93 896 133 MACCI
930 93 1133 132 PLAVTI

351 205 601 252 laborauisse‚
624 218 744 256 quom
767 206 864 243 haec
885 212 994 255 pater
1014 203 1088 243 sibi
1108 204 1255 244 diceret
1274 219 1282 242 :

352 270 445 309 ‘tibi
465 271 561 318 aras,
584 270 654 309 tibi
675 283 802 318 occas,
825 269 895 308 tibi
916 269 1021 317 seris,
1045 269 1114 308 tibi
1136 269 1229 308 item
1250 267 1375 316 metis,

350 335 421 374 tibi
443 335 615 386 denique
636 335 708 374 iste
729 335 852 386 pariet
873 334 1060 374 laetitiam
1082 335 1218 374 labos.'

349 408 560 451 postquam
582 408 750 439 recesset
770 399 852 438 uita
872 399 998 451 patrio
1018 412 1192 450 corpore,

348 479 485 516 agrurn
506 479 548 504 se
568 464 795 505 uendidisse
814 472 934 515 atque
954 478 1000 503 ea
1020 463 1188 515 pecunia

351 531 496 578 nauim,
521 538 702 570 metretas
723 544 825 581 quae
845 537 1039 569 trecentas
1060 530 1222 576 tolleret,

351 609 508 647 parasse
528 604 647 646 atque
668 609 714 634 ea
734 609 776 634 se
797 594 938 634 mercis
959 602 1159 633 uectatum
1181 593 1370 644 undique,

349 663 452 702 adeo
472 663 580 709 dum,
602 675 704 712 quae
724 669 808 700 tum
829 661 1002 708 haberet,
1026 660 1240 711 peperisset
1259 660 1365 701 bona
1380 674 1391 708 ;

352 741 416 766 me
436 727 542 767 idem
565 728 719 775 decere,
739 726 771 766 si
791 734 834 765 ut
855 727 1013 766 deceret
1034 739 1098 765 me
1118 726 1252 764 forem.

353 807 426 844 ego
448 794 510 832 me
532 793 598 831 ubi
621 792 792 831 inuisum
814 805 905 831 meo
924 791 1023 843 patri
1044 804 1130 830 esse
1150 790 1334 841 intellego

352 867 472 910 atque
493 858 586 898 odio
607 863 718 900 †esse
739 863 828 900 mel·
850 857 945 909 quoi
966 859 1120 908 placere
1139 870 1309 906 aequom
1330 855 1412 903 fuit,

351 938 489 963 amens
509 938 726 975 amansque
746 925 786 963 ui
805 923 983 962 animum
1004 923 1157 962 offirmo
1178 936 1322 970 meum,

352 989 444 1029 dico
464 1003 549 1029 esse
570 989 713 1028 iturum
735 1003 798 1028 me
820 995 1048 1035 mercatum,
1071 987 1101 1027 si
1122 987 1239 1026 uelit:

351 1069 527 1094 amorem
548 1054 711 1093 missum
732 1055 859 1093 facere
881 1067 958 1101 me,
977 1054 1073 1092 dum
1095 1051 1148 1091 illi
1169 1065 1373 1103 opsequar.

351 1119 430 1171 agit
449 1119 590 1171 gratias
611 1119 664 1157 mi
684 1127 803 1170 atque
825 1117 1026 1169 ingenium
1047 1118 1234 1156 adlaudat
1255 1130 1388 1155 meum
1403 1130 1415 1165 3

354 1186 424 1224 sed
447 1199 534 1224 mea
553 1184 745 1236 promissa
766 1197 847 1223 non
868 1182 1037 1234 neglexit
1058 1182 1249 1233 persequi.

352 1250 535 1289 aedificat
555 1249 689 1288 nauirn
710 1262 914 1288 cercurum
936 1256 974 1287 et
996 1247 1134 1287 mercis
1154 1246 1258 1295 emit,

353 1324 487 1366 parata
507 1314 597 1353 naui
620 1314 799 1365 imponit,
824 1321 1023 1364 praeterea
1045 1312 1141 1351 mihi

354 1382 545 1419 talentum
565 1379 714 1431 argenti
735 1379 842 1430 ipsus
863 1392 933 1417 sua
952 1379 1185 1417 adnumerat
1206 1391 1324 1416 manu
1339 1392 1349 1426 3

355 1459 512 1485 seruom
533 1459 612 1484 una
632 1444 761 1492 mittit,
784 1443 851 1495 qui
872 1443 966 1483 olim
988 1457 1110 1494 puero
1130 1445 1294 1494 paruolo

358 1510 453 1549 mihi
475 1511 726 1561 paedagogus
747 1511 881 1557 fuerat,
905 1508 1015 1559 quasi
1038 1508 1094 1547 uti
1116 1508 1211 1547 mihi
1232 1510 1330 1548 foret

356 1584 499 1615 custos.
560 1575 619 1614 his
639 1575 695 1614 sic
714 1574 905 1614 confectis
926 1573 1059 1612 nanim
1081 1573 1282 1613 soluimus.

357 1643 547 1681 Rhodum
569 1640 761 1688 uenimus,
785 1640 854 1679 ubi
870 1653 967 1690 quas
990 1639 1129 1679 mercis
1151 1653 1331 1679 uexeram

352 1707 484 1746 omnis
504 1714 546 1745 ut
566 1705 675 1744 uolui
696 1705 859 1745 uendidi
881 1719 927 1744 ex
947 1705 1151 1744 sententia.

356 1775 507 1812 lucrum
529 1772 666 1822 ingens
687 1771 789 1810 facio
809 1779 1080 1822 praeterquam
1103 1771 1198 1809 mihi
1221 1771 1322 1810 meu’
1342 1779 1451 1822 pater

358 1840 466 1878 dedit
487 1845 724 1877 aestumatas
746 1836 885 1876 mercis
903 1852 909 1875 :
941 1836 994 1875 ita
1015 1836 1210 1888 peculium

296 1955 329 1984 71
356 1945 486 1975 occasis
505 1946 673 1977 ''occasus'J
693 1944 758 1977 cod.
843 1945 921 1976 item
945 1945 1100 1975 Gur‘ctus:
1124 1944 1234 1975 eidem
1253 1943 1317 1974 cod.
1339 1943 1432 1984 (lpro
1448 1947 1482 1973 ct
1499 1952 1576 1973 corr.

252 1990 353 2020 idcm=
423 1993 529 2019 metes
547 1987 696 2019 Muretus
840 1999 881 2028 73
907 1988 1048 2019 recessit
1064 1987 1129 2019 cod.
1274 1989 1314 2027 76
1338 1998 1377 2018 ca
1403 1997 1438 2017 sc
1457 1985 1578 2016 mercis

252 2033 468 2064 Gulielmius:
491 2042 564 2062 cam
575 2042 711 2072 semper
721 2032 771 2063 cis
783 2031 848 2063 cod.
862 2033 897 2071 (i.
916 2033 950 2072 sl
1006 2036 1172 2062 uectatam
1187 2030 1261 2061 ΡΟ)
1352 2040 1390 2069 77
1408 2040 1492 2069 quac
1508 2033 1577 2059 tum

251 2077 422 2107 Muretus:
446 2081 603 2115 questum
621 2076 688 2108 cod.
797 2077 838 2115 78
862 2076 989 2107 diceret
1006 2075 1033 2105 si
1054 2080 1089 2105 ut
1105 2075 1233 2106 diceret
1250 2073 1314 2104 cod.
1327 2085 1332 2104 :
1349 2084 1425 2104 corr.
1441 2072 1579 2112 Rylades

250 2122 287 2151 81
317 2131 369 2150 me
386 2130 462 2151 esse
480 2119 626 2159 Pylades,
637 2120 721 2160 sort.
740 2124 815 2150 recte
831 2119 954 2159 (ii.1):
978 2129 1054 2150 esse
1072 2120 1102 2149 ei
1120 2117 1254 2148 Rabbcck
1321 2117 1412 2156 quod
1430 2117 1578 2156 placeret

250 2163 339 2195 cod.:
363 2174 439 2194 corr.
459 2163 672 2194 Camerarius
760 2164 816 2194 vix
830 2164 896 2194 css’
914 2173 966 2193 me
983 2162 1072 2202 quoii
1086 2162 1223 2211 'placere
1313 2162 1354 2191 82
1380 2161 1412 2191 ui
1433 2159 1578 2199 Ussing:

252 2212 287 2238 ut
311 2207 377 2238 cod.
405 2209 451 2246 (v.
479 2218 508 2246 7,
537 2217 567 2246 p.
590 2208 669 2246 77):
694 2211 729 2237 ut
753 2205 871 2250 (sum)
888 2207 930 2245 (3)
950 2205 1033 2237 Leo:
1060 2206 1119 2236 uix
1136 2204 1276 2236 Skutsch
1295 2203 1428 2244 (Herm.
1448 2212 1500 2252 3.²'
1518 2202 1576 2242 92)

251 2252 294 2282 86
313 2251 353 2282 Et
371 2251 497 2281 Ruteclnl
607 2252 647 2290 87
673 2260 850 2281 cercurum
867 2249 959 2289 quod
972 2253 1110 2280 testatur
1123 2248 1253 2279 Nonius
1269 2257 1332 2287 533
1349 2248 1445 2278 etiam
1462 2247 1496 2276 in
1513 2244 1577 2276 cod.

243 2294 350 2333 fnisse
377 2294 700 2333 vidctur(gerariam
730 2294 812 2333 PCD,
839 2293 1099 2332 gubernatorum
1127 2291 1172 2324 Β)
1315 2292 1359 2329 89
1381 2291 1580 2321 abnumerat

255 2338 320 2370 cod.
463 2349 509 2387 90
527 2348 555 2368 o.
577 2348 595 2367 a
612 2348 666 2386 pu.
689 2337 737 2367 0¹¹
884 2347 927 2377 92
952 2337 1004 2366 his
1020 2336 1067 2366 sic
1085 2346 1112 2366 c.
1134 2335 1256 2366 Bothe:
1280 2335 1361 2365 isset
1379 2343 1406 2364 c.
1424 2332 1488 2364 cod.
1508 2335 1582 2371 (pro

255 2382 437 2419 isscicons„
455 2393 474 2411 ι.
493 2392 516 2412 c.
535 2382 561 2411 is
578 2381 646 2412 scic
664 2381 751 2411 cous.
766 2382 790 2418 ῗζ
925 2390 966 2419 95
993 2380 1077 2410 facio
1095 2379 1195 2410 luth:
1220 2378 1304 2409 sacto
1321 2376 1386 2408 cod.

1591 537 1635 577 75

1595 802 1652 839 79,

1596 1781 1640 1818 95
