1727 2712
681 94 1007 133 BACCHIDES
1432 92 1512 129 ΙΙΙ,
1530 90 1577 127 vi

95 214 160 250 535
182 209 239 244 ΡΙ.
272 214 376 245 certe
406 205 437 244 is
467 213 536 245 est.
607 207 694 244 MN.
726 205 758 244 is
787 213 856 244 est.
915 205 1036 244 adibo
1066 213 1203 243 contra
1231 213 1269 242 et
1299 206 1513 243 contollam

630 268 633 270 ’
1336 271 1514 319 gradum.

180 338 239 374 P1.
271 338 401 375 saluos
429 336 490 383 sis,
523 336 782 375 Mnesiloche.
844 337 932 373 ΜΝ.
965 337 1082 374 salue.
1145 337 1202 373 ΡΙ.
1235 337 1365 373 saluos
1393 348 1513 384 quom

1157 414 1316 451 peregre
1335 400 1512 447 aduenis,

179 479 278 505 cena
298 456 430 519 ddtur„
484 469 572 506 MN.
604 481 685 506 non
706 468 835 518 placet
856 466 909 505 mi
930 467 1033 505 cena‘
1050 480 1152 516 quae
1172 462 1293 504 bilefn
1315 473 1463 505 mouet.

182 533 239 569 P1.
264 519 464 582 nu—r’nffuae
483 531 714 571 aduenienti
733 531 939 582 aegritudo
959 530 1118 570 obiecta
1135 532 1224 569 est?
1281 532 1369 568 MN.
1395 538 1515 580 atque

876 591 879 592 ⁷
1300 610 1512 635 acerruma.

181 663 239 700 P1.
273 663 411 701 unde?
470 664 557 701 MN.
588 663 639 701 ab
666 662 829 702 homine
863 676 982 713 quem
1018 661 1071 700 mi
1100 661 1274 700 amicum
1303 675 1388 700 esse
1417 661 1514 700 arbi·
1537 679 1577 701 10

1066 735 1186 765 tratus
1208 741 1294 765 sum
1315 726 1511 765 antidhac.

94 805 161 843 540
180 793 239 830 ΡΙ.
263 792 375 830 multi
389 806 498 832 more
514 792 589 832 isto
605 801 723 843 atque
738 794 919 843 exemplo
934 793 1085 840 uiuont,
1101 806 1202 842 quos
1217 806 1339 842 quom
1353 805 1515 830 censeas

179 871 265 896 esse
284 857 445 906 amicos,
468 858 714 908 reperiuntur
734 858 819 896 falsi
840 857 1083 905 falsimoniis‚

178 922 311 973 lingua
331 922 495 970 factiosi,
518 923 661 962 inertes
682 922 836 974 operas
836 924 1010 962 sublesta
1031 924 1120 962 fide.

129 981 145 1078 l]
156 969 310 1073 sinullus
330 996 389 1027 est
409 988 504 1039 quoi
526 1003 606 1028 non
627 988 832 1028 inuideant
853 1003 933 1027 rern
956 990 1173 1028 secundam
1194 989 1423 1040 optingere;

180 1053 254 1093 sibi
275 1068 325 1092 ne
346 1054 579 1109 inuideatur,
602 1053 677 1105 ipsi
698 1053 829 1104 ignaui
850 1062 955 1093 recte
967 1049 1129 1093 canent.
1197 1052 1244 1071 s
1537 1070 1576 1102 15

95 1130 159 1166 545
182 1120 270 1157 MN.
301 1119 445 1169 edepol
466 1129 515 1157 ne
537 1127 578 1157 tu
599 1118 755 1157 illorum
776 1132 906 1157 mores
927 1132 1116 1169 perquam
1138 1120 1326 1159 meditate
1347 1127 1470 1158 tenes.

180 1184 251 1222 sed
267 1183 385 1222 etiam
401 1172 525 1222 uffum
543 1185 618 1222 hoc
636 1199 642 1222 :
671 1198 717 1222 ex
734 1183 893 1234 ingenio
909 1186 1014 1223 malo
1031 1185 1179 1222 malum
1196 1185 1403 1223 inueniunt
1419 1199 1492 1224 suo
1507 1201 1515 1223 :

180 1247 277 1286 nulli
297 1247 413 1286 amici
435 1256 536 1295 sunt,
560 1248 741 1287 inimicos
762 1248 836 1299 ipsi
858 1248 897 1286 in
919 1262 1004 1288 sese
1025 1249 1154 1287 omnis
1175 1250 1333 1288 habent.
1436 1269 1507 1291 β’

180 1320 300 1362 atque
321 1312 332 1350 i
354 1326 395 1351 se
416 1326 538 1363 quom
560 1314 755 1363 frustrant,
781 1313 954 1351 frustrari
975 1313 1072 1352 alios
1094 1314 1226 1359 stolidi
1247 1294 1497 1368 exisi'urnant.

181 1377 282 1429 sicut
307 1385 367 1416 est
396 1377 460 1417 hic
481 1391 600 1428 quem
621 1392 707 1417 esse
727 1378 901 1417 amicum
923 1370 1019 1417 ratu'
1040 1392 1127 1417 sum
1153 1386 1273 1429 atque
1297 1379 1404 1429 ipsus
1429 1394 1516 1417 sum
1539 1393 1578 1414 20

1378 1472 1384 1474 f
1397 1445 1492 1485 mihi
1508 1459 1517 1484 ζ
1566 1463 1574 1498 f

65 1444 165 1651 spo
182 1509 258 1557 ille,
280 1511 390 1561 quod
411 1509 457 1548 in'
472 1524 514 1549 se
534 1510 616 1567 fuit,
635 1518 862 1563 accuratum
885 1510 1022 1569 habuit
1043 1511 1152 1571 qussod
1173 1517 1306 1561 posset
1326 1509 1428 1573 mali
1437 1529 1445 1541 ὴ
1534 1480 1591 1630 s

59 1568 72 1633 s}
181 1577 326 1614 faceret
346 1575 386 1613 in
408 1589 483 1622 me,
506 1575 776 1614 inconciliaret
796 1575 931 1626 copias
952 1575 1081 1614 omnis
1103 1589 1220 1614 meas.
1372 1571 1399 1575 ‘⁴

135 1641 145 1643 “
183 1643 241 1679 ΡΙ.
274 1640 485 1692 inprobum
513 1640 643 1680 istunc
670 1655 756 1680 esse
784 1648 940 1692 oportet
967 1640 1182 1679 hominem.
1244 1642 1331 1679 MN.
1364 1642 1437 1691 ego
1464 1640 1516 1680 ita

1234 1719 1323 1745 esse
1339 1705 1514 1745 arbitror.

183 1772 240 1809 ΡΙ.
272 1784 440 1821 opsecro
470 1772 601 1811 hercle
633 1772 805 1822 loquere,
839 1771 927 1822 quis
959 1771 990 1810 is
1021 1779 1091 1811 est.
1152 1773 1240 1810 MN.
1274 1772 1517 1810 beneuolens

1314 1836 1412 1875 uiuit
1432 1827 1535 1875 tibiss⁷⁷
1566 1828 1569 1829 ⁷

182 1916 273 1940 narn
294 1902 333 1941 ni
356 1903 408 1942 ita
428 1911 542 1951 esset,
566 1911 697 1943 tecum
719 1917 870 1943 orarem
891 1911 934 1942 ut
954 1903 990 1942 ei
1010 1905 1119 1954 quod
1140 1916 1276 1954 posses
1297 1902 1390 1940 mali
1538 1919 1577 1950 25

99 1979 138 2017 55
147 1979 162 2016 5
183 1969 310 2007 facere
326 1970 483 2008 faceres.
526 1971 584 2007 P1.
617 1969 682 2008 dic
698 1958 823 2009 modo
836 1959 1041 2008 bominem
1057 1969 1125 2020 qui
1141 1969 1213 2008 sit:
1241 1967 1273 2007 si
1290 1981 1371 2006 non
1387 1968 1516 2007 fecero

227 2081 290 2111 535
314 2070 411 2114 (ΡΙ.)
428 2072 527 2104 adibo
549 2072 725 2103 Aa'dalius
813 2073 927 2104 tollam
945 2073 978 2104 P
1128 2074 1193 2113 538
1217 2072 1395 2112 aegritudo
1415 2072 1518 2102 adue-

185 2115 292 2146 nienti
313 2115 346 2145 A
437 2126 613 2147 acerrume
639 2115 672 2146 P
823 2126 950 2156 540—51
977 2127 1043 2147 om.
1069 2116 1102 2146 A
1134 2118 1189 2147 ‘in
1222 2117 1421 2155 quibusdam
1449 2125 1516 2146 non

185 2158 316 2189 ferunt’
331 2158 511 2193 Charisius,
529 2170 560 2199 p.
581 2169 645 2198 205
664 2159 726 2200 (ad
747 2171 777 2191 v.
797 2163 878 2200 545)
1023 2170 1083 2199 541
1111 2160 1184 2191 salsi
1206 2160 1311 2190 Pius:
1336 2160 1428 2190 salsis
1451 2158 1515 2189 cod.

184 2211 248 2240 542
272 2202 422 2233 sublesta
438 2202 590 2233 Merula:
616 2204 777 2234 subuesta
800 2205 981 2244 (subuersa
1001 2203 1062 2244 ΒΖ)
1083 2204 1149 2235 cod.
1285 2213 1349 2242 543
1374 2204 1429 2243 qui
1447 2213 1515 2233 non

186 2245 336 2276 inuideat
348 2245 416 2277 cod.
432 2258 439 2277 ε
455 2257 533 2278 corr.
550 2247 699 2288 Scaliger
771 2256 834 2286 544
859 2248 991 2278 sibimet
1006 2257 1048 2278 ne
1059 2247 1172 2287 Bothe,
1187 2248 1240 2277 cui
1252 2247 1362 2277 hiatus
1379 2246 1518 2287 displicet

185 2289 320 2328 ignauia
343 2289 522 2320 Hermann
665 2291 730 2330 548
763 2291 796 2321 hi
823 2290 900 2320 ΡΟ)
991 2291 1197 2321 frustrantur
1222 2290 1289 2321 cod.
1452 2300 1512 2330 551

185 2332 298 2363 facere
315 2337 349 2363 et
367 2333 579 2364 Camerarius
661 2334 877 2365 inconciliare
895 2333 962 2365 cod.
981 2345 987 2364 τ
1012 2345 1091 2366 corr.
1106 2334 1232 2365 Ritschl
1349 2343 1413 2373 552
1437 2333 1517 2376 (et)

186 2386 251 2461 {510
274 2375 408 2450 δῗςῇἓνί
433 2377 480 2418 (A
508 2388 540 2409 n.
562 2377 602 2418 l.)
739 2386 803 2417 553
832 2378 1032 2418 Obsequere
1057 2378 1089 2409 h.
1115 2377 1167 2408 P:
1199 2388 1281 2409 corr.
1307 2377 1516 2408 Camerarius

256 2430 292 2450 n.
319 2422 344 2462 .)
