1727 2712
629 111 949 150 MERCATOR
1381 110 1457 146 III.
1478 109 1492 144 i

129 224 198 262 ΡΑ.
229 236 304 274 qur
335 222 475 261 emeris
510 236 583 262 me.
658 224 728 262 Lv.
761 230 852 262 tene
884 225 987 273 ego?
1029 230 1072 261 ut
1105 223 1214 273 quod
1248 222 1461 272 imperetur

1327 287 1456 333 facias,

43 369 106 408 505
127 353 221 393 item
252 355 362 404 quod
396 362 439 393 tu
473 354 569 393 mihi
603 355 635 393 si
670 354 849 406 imperes,
883 368 956 404 ego
996 354 1147 393 faciam.
1223 356 1290 391 ΡΑ.
1333 355 1460 391 facere

1272 425 1460 457 certumst

126 498 198 537 pro
217 484 332 535 copia
352 493 390 524 et
410 486 602 536 sapientia
621 499 723 536 quae
743 494 782 524 te
802 487 904 524 uelle
924 485 1150 524 arbitrabor.

127 552 197 589 Lv.
229 550 434 589 laboriossi
454 551 509 589 nil
530 551 600 589 tibi
621 551 836 602 quicquam
857 551 986 602 operis
1007 551 1221 601 imperabo.

127 617 197 654 PA.
229 629 401 666 namque
421 618 564 667 edepol
585 616 782 666 equidem,
799 616 852 654 mi
874 630 1002 663 senex,
1026 630 1107 655 non
1128 615 1249 654 didici
1270 614 1456 654 baiiolare
1479 631 1519 654 10

127 695 200 721 nec
220 695 346 732 pecua
366 682 441 720 ruri
462 682 622 732 pascere'
642 697 716 721 nec
736 697 879 733 pueros
900 683 1103 721 nutricare.

41 759 109 798 510
127 749 197 786 Lv.
230 748 335 786 bona
355 747 386 786 si
407 761 492 787 esse
512 748 607 795 ueiS,
630 749 732 787 bene
753 748 825 787 erit
845 748 926 787 tibi.
978 751 1046 786 ΡΑ.
1079 756 1163 786 tum
1184 749 1251 799 pol
1272 760 1346 798 ego
1361 746 1457 798 perii

1304 812 1454 850 misera.

126 880 196 918 Lv.
228 878 326 929 qui?
396 881 464 918 ΡΑ,
498 879 590 930 quia
624 879 720 917 illim
754 881 862 918 unde
893 880 971 917 huc
1004 880 1173 918 aduecta
1211 891 1309 924 sum,
1346 877 1459 916 malis

1019 945 1122 982 bene
1143 957 1228 981 esse
1248 943 1455 981 solitumst.

125 1011 195 1049 Lv.
227 1010 339 1060 quasi
360 1010 492 1049 deicas
512 1012 661 1049 nullam
683 1010 888 1049 mulierem
918 1010 1064 1048 bonam
1095 1023 1190 1048 esse.
1251 1011 1319 1047 ΡΑ.
1352 1009 1459 1047 haud

1135 1074 1321 1125 equidem
1342 1074 1458 1113 deico

125 1154 199 1180 nec
219 1155 305 1180 mos
326 1150 455 1180 meust
475 1150 517 1180 ut
538 1141 762 1192 praedicem
784 1142 894 1191 quod
914 1153 988 1190 ego
1004 1140 1133 1180 omnis
1154 1140 1250 1178 scire
1271 1141 1440 1178 credam.
1480 1155 1516 1188 15

127 1209 195 1245 Lv.
219 1207 345 1246 oratio
357 1209 500 1257 edepol
517 1207 637 1258 pluris
654 1215 712 1246 est
728 1207 859 1245 huiius
873 1220 993 1256 quam
1010 1205 1146 1256 quanti
1163 1206 1261 1244 haec
1275 1212 1454 1255 emptast.

40 1285 104 1322 515
125 1286 259 1323 rogare
279 1275 357 1311 hoc
378 1287 501 1311 unum
522 1281 561 1312 te
582 1275 685 1311 uolo.
746 1274 817 1310 PA.
847 1271 999 1322 roganti
1020 1272 1281 1321 respondebo.

126 1338 195 1376 Lv.
227 1337 324 1388 quid
344 1337 400 1376 ais
421 1339 492 1376 tu?
521 1337 619 1388 quid
639 1350 787 1376 nomen
808 1336 879 1375 tibi
900 1336 1054 1375 deicam
1082 1338 1196 1374 esse?
1253 1337 1321 1373 ΡΑ.
1355 1335 1459 1374 Pasi-

1257 1414 1454 1451 compsae.

124 1468 194 1505 LY.
227 1481 273 1506 ex
294 1469 418 1507 forma
438 1481 586 1506 nomen
607 1467 825 1506 inditumst.
876 1467 945 1504 sed
967 1465 1063 1516 quid
1083 1465 1149 1512 ais,
1174 1465 1457 1516 Pasicompsa?

123 1532 258 1582 possin
279 1540 330 1583 tu,
355 1532 409 1571 sei
430 1546 543 1571 ussus
564 1532 726 1580 uenerit,
750 1532 959 1570 subtemen
980 1539 1098 1569 tenue
1120 1533 1240 1570 nere?
1476 1550 1516 1572 20

124 1599 192 1635 PA.
225 1611 398 1648 possum.
457 1599 526 1636 Lv.
560 1597 614 1636 sei
635 1605 754 1636 tenue
770 1596 857 1643 scis,
876 1596 959 1634 scio
980 1604 1018 1634 te
1034 1596 1192 1634 uberius
1213 1609 1329 1647 posse
1350 1610 1451 1635 nere.

37 1676 105 1713 520
124 1664 193 1700 PA.
225 1664 276 1702 de
296 1662 468 1702 lanificio
488 1662 689 1701 neminem
710 1670 857 1709 metuo,
880 1675 959 1700 una
978 1669 1106 1700 aetate
1127 1675 1228 1711 quae
1249 1662 1306 1700 sit.

124 1729 194 1766 Lv.
227 1728 356 1767 bonae
377 1729 508 1767 hercle
528 1736 566 1767 te
586 1727 684 1778 frugi
705 1727 879 1775 arbitror,
904 1734 1056 1765 matura
1076 1726 1153 1765 iarn
1175 1727 1267 1765 inde
1288 1734 1415 1766 aetate

122 1806 245 1843 quom
261 1793 336 1832 scis
353 1795 480 1833 facere
493 1793 666 1832 officium
683 1801 804 1840 tuom,
823 1792 971 1831 mulier.
1010 1794 1078 1830 PA.
1102 1794 1169 1842 pol
1185 1794 1303 1830 docta
1318 1792 1450 1831 didici.

121 1871 281 1910 operam
311 1859 485 1898 accusari
514 1872 596 1898 non
626 1858 753 1897 sinam
781 1871 921 1896 meam.
982 1858 1052 1895 Lv.
1085 1858 1148 1896 e'm
1176 1857 1296 1896 istaec
1322 1859 1453 1897 hercle
1474 1875 1511 1907 25

1301 1937 1361 1962 res
1382 1932 1450 1963 est.

121 2002 238 2028 ouem
259 1989 330 2028 tibi
350 1989 528 2028 eccillam
549 1989 666 2036 dabo,
690 1996 822 2027 natam
843 2001 968 2026 annos
989 1987 1199 2038 sexaginta,

35 2068 76 2105 52
83 2069 100 2106 5
120 2055 369 2106 peculiarem.
443 2057 512 2093 PA.
545 2054 599 2093 mi
638 2068 767 2101 senex,
808 2061 889 2092 tam
927 2054 1132 2092 uetulam?
1199 2055 1268 2092 Lv.
1299 2053 1452 2104 generis

1264 2118 1429 2169 graecist
1442 2134 1453 2167 3

163 2235 227 2264 504
253 2234 312 2255 cur
327 2225 452 2265 empris
468 2224 501 2255 P
516 2224 558 2261 (P
568 2229 630 2264 pro
646 2223 688 2264 E)
799 2232 862 2263 507
888 2222 1053 2254 laboriose
1070 2221 1104 2252 P
1206 2232 1270 2262 509
1294 2222 1456 2261 peculaP

120 2269 194 2308 (pro
217 2269 346 2308 pecuda
360 2269 385 2309 ἓ)
490 2268 540 2298 vel
561 2278 672 2307 neque
804 2277 866 2306 512
885 2271 962 2307 post
985 2276 1046 2305 514
1072 2265 1106 2295 P
1234 2277 1297 2305 512
1322 2267 1449 2303 deicasl

121 2313 225 2343 deicis
242 2312 275 2341 A
397 2322 461 2351 513
485 2312 616 2342 omneis
632 2311 666 2340 A
790 2320 854 2349 515
879 2321 980 2340 unum
998 2310 1060 2339 hoc
1077 2309 1110 2338 A
1234 2320 1297 2348 519
1314 2311 1399 2340 sceis
1415 2311 1448 2340 A

121 2365 180 2393 521
208 2356 330 2386 bonam
348 2356 379 2386 h.
401 2360 435 2386 te
451 2360 484 2385 et
500 2355 588 2394 frugi
608 2354 639 2385 P
750 2363 814 2392 522
831 2354 918 2384 sceis
934 2353 967 2382 A
1083 2363 1145 2391 524
1170 2353 1283 2393 ouem]
1303 2364 1402 2392 quem
1421 2353 1454 2383 P

123 2398 168 2438 (Q
180 2404 242 2440 pro
258 2399 304 2440 O)
385 2398 540 2430 ancillam
556 2398 598 2438 Β,
619 2397 650 2428 Α
671 2408 702 2428 n.
723 2397 742 2428 l.
822 2397 901 2428 dato
917 2396 950 2427 A
1086 2405 1150 2434 525
1174 2396 1238 2425 mei
1255 2396 1288 2425 A
1304 2398 1355 2435 (cs.
1369 2398 1448 2437 503)
