1727 2712
39 217 99 254 Ι55

42 676 108 712 160

46 1001 106 1045 165

29 1435 112 1470 166a

51 1707 114 1742 170

8 1773 115 1808 171-2

647 93 909 131 EPIDICVS
1414 80 1443 124 Ῐ.
1464 84 1495 122 ii

120 205 310 245 continuo
331 212 368 243 te
389 203 514 243 orabit
535 204 638 241 ultro
657 210 700 240 ut
720 201 826 240 illam
847 199 1037 239 tramittas
1057 198 1144 238 sibi.

121 272 192 309 sed
207 270 275 309 ubi
295 270 361 308 illa
380 277 438 308 est
454 283 574 320 quam
594 276 636 306 tu
656 265 856 306 adduxisti
872 266 1033 304 tecum?
1090 266 1152 303 ST.
1185 262 1261 301 iam
1278 263 1366 300 faxo
1386 260 1450 298 hic

1368 333 1448 364 erit.

120 404 199 443 CH.
231 401 328 453 quid
349 401 413 439 hic
433 413 540 438 nunc
560 398 742 449 agimus?
798 398 861 435 ST.
894 408 1030 435 eamus
1051 394 1153 432 intro
1174 395 1251 431 huc
1271 393 1321 430 ad
1338 399 1386 437 te,
1410 398 1453 429 ut

1080 461 1186 497 hunc
1207 457 1325 497 hodie
1345 456 1452 496 diem

123 539 320 576 luculente
341 536 698 575 habeamus—EF.
731 533 783 571 ite
803 532 917 578 intro,
942 544 1015 581 ego
1035 531 1086 569 de
1106 544 1146 568 re
1165 527 1381 579 argentaria

124 602 201 641 iam
222 611 402 641 senatum
423 601 658 640 conuocabo
679 599 718 637 in
739 599 859 637 corde
879 595 1158 643 consiliarium,

124 667 218 717 quoi
238 667 500 717 potissumum
519 665 713 704 indicatur
733 665 894 709 bellum,
913 663 1019 701 unde
1043 668 1247 711 argentum
1267 661 1452 698 auferam.

126 732 301 783 Epidice‚
324 732 417 770 uide
437 730 534 781 quid
555 744 656 780 agas,
680 729 733 768 ita
753 742 812 767 res
834 727 965 765 subito
986 728 1083 765 haec
1103 725 1295 764 obiectast
1316 723 1385 762 tibi
1402 738 1412 771 ;

125 811 205 836 non
226 796 331 835 enim
352 809 458 834 nune
478 795 549 834 tibi
569 793 811 834 dormitandi
830 807 960 843 neque
981 790 1195 830 cunctandi
1216 789 1330 840 copia
1350 796 1418 827 est.

125 863 368 902 adeundum.
425 875 560 900 senem
581 872 809 910 oppugnare
829 864 1016 896 certumst
1036 856 1246 895 consilium
1267 854 1374 892 mihi.

181 927 248 966 ibo
269 927 370 965 intro
391 934 510 976 atque
530 923 775 964 adulescenti
796 923 927 962 dicam
948 930 1083 960 nostro
1105 920 1187 959 erili
1208 919 1302 967 filio,

181 1006 230 1030 ne
252 993 344 1030 hinc
364 993 466 1030 foras
487 991 711 1030 exambulet
732 1002 833 1028 neue
854 987 1015 1027 obuiam
1036 986 1169 1025 ueniat
1189 984 1342 1024 seni.—

620 1176 857 1224 ACTVS
912 1176 959 1222 ΙΙ

398 1281 724 1317 APOECIDES
822 1277 1192 1313 PERIPHANES

238 1369 310 1405 ΑΡ.
343 1366 524 1415 Plerique
543 1364 737 1410 homines,
761 1377 860 1413 quos
881 1375 1002 1412 quom
1025 1361 1078 1399 nil
1101 1362 1214 1399 refert
1233 1360 1369 1410 pudet,

238 1431 305 1470 ubi
327 1432 560 1482 pudendum
581 1437 639 1468 est
659 1428 713 1467 ibi
734 1442 802 1467 eos
823 1427 966 1466 deserit
987 1427 1125 1476 pudor,

401 1509 523 1546 quom
544 1502 654 1533 usust
674 1501 716 1532 ut
736 1494 894 1543 pudeat.

239 1562 271 1601 is
291 1563 393 1600 adeo
414 1563 496 1599 tu's.
557 1559 654 1609 quid
674 1566 732 1597 est
753 1558 862 1608 quod
882 1557 1115 1607 pudendum
1136 1554 1218 1601 siet,

239 1641 382 1678 genere
401 1633 561 1676 gnatam
582 1626 690 1663 bono
711 1635 924 1673 pauperem
949 1622 1115 1660 domum

403 1692 548 1730 ducere
568 1697 606 1728 te
627 1702 787 1728 uxorem
805 1689 821 1726 Ρ

134 1759 360 1811 praesertim
395 1772 494 1805 eam,
526 1770 604 1807 qua
637 1770 683 1794 ex
713 1754 784 1793 tibi
818 1765 1106 1792 commemores
1135 1752 1239 1789 hanc
1270 1763 1371 1800 quae
1402 1750 1469 1788 do-

971 1816 1062 1854 mist
1084 1815 1202 1853 filiam
1224 1822 1466 1865 prognatam.

242 1892 310 1927 PE.
344 1901 523 1927 reuereor
543 1886 681 1924 filium.
738 1887 811 1923 Af».
842 1891 881 1922 at
901 1884 967 1934 pol
989 1895 1062 1931 ego
1083 1889 1121 1919 te
1142 1879 1290 1919 credidi
1312 1894 1374 1918 ux-

242 1968 361 2000 orem,
385 1966 504 2004 quam
526 1960 567 1990 tu
588 1950 768 1996 extulisti,
792 1950 943 2000 pudore
965 1947 1135 1997 exsequi,

182 2062 242 2099 158
266 2058 436 2089 luculente
453 2058 491 2094 P,
511 2061 548 2088 ut
563 2057 627 2087 vid.
648 2057 747 2097 (-tem
765 2056 826 2091 3¹)
846 2067 852 2086 :
871 2055 1081 2086 luculentum
1099 2053 1132 2084 A
1277 2053 1337 2082 160
1361 2052 1417 2091 qui
1433 2051 1467 2081 A

139 2105 198 2133 162
216 2103 466 2133 dormitandum
483 2101 516 2131 P
601 2105 652 2130 est
671 2100 762 2141 Qtibi]
776 2099 873 2139 P(ex
884 2110 912 2130 v.
932 2099 1007 2131 1613
1127 2098 1186 2136 163
1210 2096 1399 2127 adeundem
1417 2094 1469 2125 P:

134 2147 186 2177 ad.
207 2152 259 2177 est
274 2146 349 2176 Ital.
442 2145 523 2175 mihi
544 2155 608 2174 om.
628 2143 662 2173 P
761 2145 830 2181 164,
854 2143 913 2182 165
940 2142 1091 2172 trochaice
1107 2141 1141 2171 P
1226 2141 1246 2178 i,
1267 2140 1286 2178 i,
1305 2139 1358 2169 abi
1380 2138 1469 2169 intro

135 2194 236 2229 atque
260 2189 470 2220 adolescenti
496 2189 548 2218 dic
573 2188 638 2217 iam
663 2192 778 2218 nostro
805 2185 902 2216 herili
930 2186 998 2216 filio
1021 2184 1025 2226 Ι
1049 2185 1100 2215 Ne
1127 2184 1216 2226 (Nec
1240 2183 1285 2222 Β)
1310 2183 1364 2212 hic
1389 2182 1469 2223 (pro

135 2233 228 2274 hinc)
255 2234 344 2264 foras
372 2232 520 2263 ambulet
548 2241 635 2261 neue
665 2241 804 2269 usquam
833 2230 965 2261 obuiam
999 2230 1111 2259 ueniat
1139 2228 1212 2258 seni
1238 2227 1271 2256 P
1296 2226 1345 2263 (in
1374 2236 1467 2266 quem

136 2282 253 2308 nostro
277 2288 316 2307 ex
331 2277 429 2307 altera
447 2276 589 2306 versione
608 2284 639 2303 se
660 2274 853 2309 insinuavit)
971 2273 1182 2310 Retractator,
1207 2271 1303 2305 credo,
1327 2274 1467 2300 metrum

135 2321 323 2360 exaequavit
334 2324 362 2350 et
375 2321 506 2350 hiatum
521 2319 580 2359 (ne
602 2316 606 2359 Ι
627 2318 721 2356 hinc)
734 2317 841 2347 abiecit
938 2318 997 2355 167
1014 2326 1094 2346 usus
1111 2319 1163 2345 est
1179 2314 1212 2344 P
1302 2315 1362 2344 168
1387 2313 1467 2352 quid

137 2364 204 2405 est]
221 2364 275 2402 qui
295 2364 354 2394 des
366 2363 398 2393 P
497 2364 558 2401 169
582 2371 696 2401 parem
714 2364 743 2390 ct
756 2361 790 2390 in
808 2370 875 2400 mg.
897 2369 1081 2398 pauperem
1093 2359 1125 2388 A
1234 2367 1294 2396 170
1310 2362 1343 2388 te
1356 2368 1420 2388 om.
1436 2356 1467 2388 F

140 2417 209 2447 171,
233 2417 292 2445 172
318 2408 450 2438 domost
466 2407 499 2437 A
592 2404 714 2445 filiam]
731 2404 890 2434 familiam
908 2401 941 2432 P
955 2403 998 2443 (v.
1020 2402 1056 2443 8)

1471 538 1513 570 55

1478 851 1520 883 60

1484 1270 1539 1309 II.
1561 1269 1575 1305 i
