1727 2712
718 135 990 173 ASINARIA
1469 135 1516 171 V.
1538 134 1566 170 ii

188 249 255 286 ΡΑ.
288 260 433 286 censen
464 256 505 286 tu
536 247 645 286 illum
676 247 797 286 hodie
827 247 996 298 primum
1032 245 1086 285 ire
1120 245 1329 285 adsuetum
1364 259 1449 284 esse
1479 245 1517 282 in

1318 325 1487 361 ganeum
1503 313 1519 349 ?

184 380 286 417 ART.
320 378 384 417 ille
406 386 557 416 ecastor
578 378 801 429 suppilabat
822 391 896 424 me,
920 378 1029 427 quod
1050 377 1211 415 ancillas
1232 389 1340 415 meas

184 443 412 493 suspicabar
429 451 549 494 atque
569 443 736 482 insontis
757 442 917 481 miseras
938 442 1173 481 cruciabam.
1233 444 1339 480 ARG.
1371 448 1489 492 pater,

97 514 166 557 890
184 508 277 546 iube
297 508 380 547 dari
397 508 535 547 uinum
551 524 561 557 3
586 509 662 546 iam
679 509 832 547 dudum
854 509 1001 546 factum
1022 515 1080 546 est
1097 521 1219 557 quom
1235 507 1405 558 primum
1423 507 1516 545 bibi.
1538 519 1581 550 40

188 575 262 611 DE.
295 574 356 620 da,
383 587 514 623 puere,
541 574 591 612 ab
622 587 791 612 summo.
848 586 919 623 age
949 580 990 611 tu
1021 572 1176 611 interibi
1206 572 1257 610 ab
1287 572 1440 610 insumo
1468 574 1520 610 da

1351 637 1515 676 sauium.

184 705 287 741 ΛΒΤ.
319 703 415 752 perii
437 703 587 750 misera,
610 711 652 742 ut
672 705 870 742 osculatur
890 704 1085 749 carnufex,
1110 702 1239 754 capuli
1260 704 1405 742 decus!

186 770 262 806 DE.
294 769 437 818 edepol
457 769 631 806 animam
653 768 875 807 suauiorem
891 768 1094 818 aliquanto
1111 781 1230 817 quam
1248 768 1377 806 uxoris
1394 781 1515 806 meae.

185 836 259 872 ΡΗ.
292 834 356 872 dic
376 835 530 880 amabo,
554 847 604 872 an
620 836 740 872 foetet
760 833 892 872 anima
907 833 1037 872 uxoris
1058 835 1177 871 tuae?
1227 835 1301 871 DE.
1335 841 1519 872 nauteam

96 904 162 948 895
184 899 319 938 bibere
340 899 484 946 malim,
509 899 540 937 si
561 913 768 938 necessum
790 899 848 946 sit,
871 913 990 949 quam
1012 899 1118 937 illam
1139 899 1359 937 oscularier.
1539 909 1580 940 45

184 966 286 1002 ART.
319 964 384 1002 ain
405 964 597 1003 tandem?
626 966 769 1014 edepol
790 978 840 1002 ne
860 967 901 1002 tu
924 964 1024 1003 istuc
1044 978 1134 1003 cum
1158 965 1261 1002 malo
1282 978 1426 1014 magno
1450 971 1520 1002 tuo

184 1029 313 1069 dixisti
335 1030 374 1068 in
396 1044 469 1068 me.
531 1030 626 1077 sine,
650 1030 785 1069 uenias
807 1031 929 1068 modo
950 1032 1126 1076 domurn,
1151 1031 1240 1068 faxo
1261 1037 1303 1068 ut
1324 1030 1424 1068 scias

184 1094 280 1144 quid
302 1094 436 1145 pericli
457 1095 505 1133 sit
526 1096 684 1133 dotatae
704 1095 814 1133 uxori
836 1095 975 1133 uitium
997 1095 1138 1133 dicere.

186 1161 259 1198 PH.
292 1160 409 1198 miser
429 1168 581 1198 ecastor
601 1173 652 1198 es.
703 1162 807 1198 ART.
839 1167 991 1198 ecastor
1007 1160 1149 1210 dignus
1167 1167 1234 1199 est.
1286 1163 1390 1199 ARG.
1423 1160 1519 1211 quid

1292 1226 1359 1272 ais,
1383 1228 1520 1276 pater?

96 1303 167 1338 900
184 1289 329 1339 ecquid
359 1298 523 1328 matrem
550 1292 688 1328 amas?
747 1292 823 1328 DE.
855 1304 981 1340 egone
1007 1290 1144 1328 illam?
1172 1304 1280 1328 nunc
1303 1304 1404 1337 amo,
1428 1291 1520 1341 quia
1541 1307 1581 1338 50

1292 1369 1373 1394 non
1394 1357 1516 1394 adest.

185 1422 289 1457 ΑΚΘ.
322 1420 418 1470 quid
450 1433 572 1470 quom
604 1421 747 1458 adest?
806 1422 880 1458 DE.
913 1420 1074 1470 periisse
1105 1420 1234 1470 cupio.
1304 1423 1377 1458 PH.
1414 1429 1519 1459 amat

946 1487 1067 1524 homo
1089 1485 1152 1523 hic
1173 1494 1221 1532 te,
1245 1493 1287 1524 ut
1307 1486 1516 1536 praedicat.

185 1551 289 1588 ART.
321 1549 370 1588 ne'
391 1549 456 1588 illa
477 1558 628 1589 ecastor
648 1552 847 1589 faenerato
868 1550 1037 1588 funditat
1056 1565 1061 1587 :
1084 1563 1175 1588 nam
1196 1550 1227 1588 si
1248 1551 1413 1589 domum

185 1615 342 1655 redierit
363 1616 496 1663 hodie,
517 1618 736 1654 osculando
757 1630 830 1666 ego
850 1616 1015 1654 ulciscar
1036 1616 1309 1666 potissumum.

184 1684 290 1721 ARG.
314 1682 408 1730 iace,
427 1691 546 1734 pater,
566 1685 675 1730 talos,
695 1691 736 1721 ut
758 1696 873 1733 porro
894 1696 966 1721 nos
988 1683 1185 1722 iaciamus.
1225 1686 1300 1722 DE.
1324 1698 1517 1723 maxume.

97 1759 163 1796 905
185 1756 234 1795 te,
266 1748 524 1795 Philaenium,
553 1748 648 1786 mihi
675 1757 794 1799 atque
819 1749 948 1787 uxoris
974 1757 1151 1788 mortem.
1203 1751 1280 1788 hoc
1305 1750 1520 1789 Venerium
1542 1760 1580 1792 55

646 1812 650 1815 i
1447 1823 1515 1854 est.

185 1879 306 1929 pueri,
330 1880 505 1930 plaudite
526 1888 563 1918 et
586 1879 639 1918 mi
661 1881 713 1918 ob
734 1880 880 1918 iactum
902 1881 1091 1918 cantharo
1114 1881 1283 1918 mulsum
1306 1881 1408 1918 date.

184 1946 288 1982 ART.
321 1958 402 1982 non
423 1959 527 1995 queo
548 1947 698 1984 durare.
760 1947 827 1983 PA.
861 1945 891 1983 si
914 1959 994 1983 non
1016 1945 1188 1984 didicisti
1210 1946 1427 1993 fulloniam,

228 2049 289 2087 887
316 2048 366 2078 vel
381 2049 480 2079 illunc
527 2047 614 2090 (an)
633 2049 810 2079 adsuetum
836 2047 1009 2088 Langrelzr
1144 2050 1209 2088 890
1233 2049 1304 2079 dari
1322 2049 1518 2080 Aa‘dalius:

186 2093 267 2122 dare
284 2092 352 2122 cod.
487 2094 550 2131 894
577 2094 658 2122 inter
672 2093 735 2132 898
753 2096 781 2122 et
795 2103 861 2131 900
872 2092 990 2131 legitur
1004 2103 1014 2126 ,·
1038 2093 1102 2130 899
1120 2093 1204 2122 inter
1217 2094 1280 2131 895
1298 2096 1327 2122 et
1342 2094 1424 2131 896;
1442 2095 1514 2132 895,

185 2136 250 2174 899
262 2139 336 2175 post
349 2138 414 2174 906
431 2136 464 2165 in
483 2147 593 2176 marg.
612 2137 730 2176 repetiti
743 2139 820 2166 sunt
838 2136 933 2174 (inter
945 2146 1098 2165 versumu
1116 2139 1299 2165 contextum
1316 2136 1383 2176 PE)
1402 2148 1408 2174 3
1435 2139 1519 2166 mira

186 2179 327 2209 turbatio
355 2180 453 2209 totius
484 2180 545 2210 loci
687 2181 750 2219 894
777 2185 854 2209 tuae
881 2179 974 2209 uxori
1000 2179 1090 2209 codd.
1114 2180 1218 2209 Nonis
1246 2190 1309 2217 233
1454 2182 1518 2219 895

187 2232 328 2253 necesse
345 2223 389 2253 sit
405 2223 496 2254 codd.
513 2223 617 2253 Nonii
637 2224 657 2253 8
672 2235 677 2254 :
705 2233 879 2253 necessum
900 2227 952 2252 est
969 2222 1139 2261 cod.,s01‘t.
1159 2227 1232 2253 recte
1368 2224 1519 2262 896-898

186 2276 260 2296 cum
283 2277 359 2305 902,
382 2277 446 2306 903
471 2267 578 2297 locum
604 2270 734 2297 mutare
756 2266 839 2297 iubet
862 2265 1034 2296 Fleckeisen
1178 2267 1243 2305 896
1267 2272 1311 2296 ve?
1337 2271 1392 2297 εἴη
1484 2273 1518 2297 tu

186 2308 333 2350 (hodie)
350 2309 487 2340 Mueller
574 2321 695 2349 magno
713 2310 801 2340 malo
819 2309 869 2340 PE
981 2310 1042 2348 897
1070 2320 1098 2340 5.
1111 2311 1268 2340 reuenias
1288 2309 1392 2349 Goelr,
1408 2309 1520 2340 Loewe

187 2357 223 2382 ut
239 2352 296 2384 del.
313 2353 484 2384 Fleckeisen
1040 2364 1104 2392 902
1129 2354 1184 2383 ille
1211 2359 1285 2394 *Istro
1310 2354 1378 2393 av)
1407 2358 1520 2384 castor

186 2396 273 2427 codd.
293 2396 392 2427 Noniz
408 2407 471 2436 312
486 2409 492 2430 :
521 2398 577 2428 ille
593 2402 727 2429 ecastor
741 2397 809 2428 cod.
963 2406 1028 2436 904
1053 2397 1222 2428 iaceamus
1238 2396 1307 2427 cod.
1453 2407 1517 2437 907

186 2439 375 2471 fullonicam
392 2441 457 2475 cod,
