1727 2702
132 78 179 115 V.
201 77 249 114 iv
617 77 664 114 T.
697 76 880 115 MACCI
910 76 1115 114 PLAVTI

203 196 343 240 suapte
363 191 481 239 culpa
502 193 675 239 †genere
695 186 897 238 capiunt†‚
920 200 1044 237 genus
1065 186 1225 237 ingenio
1245 187 1467 238 inprobant.
1553 198 1624 235 970

146 269 185 292 10
205 256 281 294 DE.
315 269 453 294 uerum
475 255 540 293 hic
561 253 666 293 dicit.
729 255 799 292 ΙΝ.
823 252 893 292 tibi
914 266 1006 303 ergo
1027 252 1132 292 dicit.
1191 255 1263 292 Ev.
1293 267 1341 292 eo
1362 253 1457 292 illud
1478 260 1536 292 est

1242 331 1378 357 uerum
1401 318 1533 370 magis.

202 400 294 425 nam
316 394 354 424 te
375 386 473 424 istac
492 392 620 424 aetate
641 385 749 423 haud
768 396 940 434 aequom
962 383 1042 422 filio
1062 385 1187 422 fuerat
1208 391 1277 421 tuo

201 451 446 489 adulescenti
467 449 616 488 amanti
636 449 805 487 amicam
827 448 975 499 eripere
996 456 1170 498 emptam
1191 456 1353 499 argento
1373 462 1455 488 suo.

204 519 279 554 DE.
313 517 410 567 quid
431 524 472 554 tu
494 516 580 554 ais?
614 514 778 555 Charini
797 513 962 552 amicast
982 514 1077 553 illa?
1148 516 1220 552 Ev.
1253 521 1295 552 ut
1315 513 1536 553 dissimulat

1386 581 1510 618 malus
1527 583 1534 618 !

204 649 279 686 DE.
313 647 377 686 ille
398 646 561 697 quidem
583 646 690 684 illam
711 658 797 684 sese
816 644 1000 683 ancillam
1022 644 1134 683 matri
1156 644 1298 683 emisse
1318 644 1476 683 dixerat.
1555 656 1621 694 975

142 729 179 760 15
202 715 274 751 Ev.
298 721 505 762 propterea
526 711 641 761 igitur
661 718 703 748 tu
725 711 942 756 mercatu'S,
958 723 1085 748 nouos
1106 717 1268 756 amator,
1285 711 1390 748 uetu'
1411 713 1536 760 puer?

202 779 271 816 Lv.
305 786 468 828 optume
489 778 632 823 hercle,
655 789 784 826 perge,
807 774 881 825 ego
899 775 1088 813 adsistam
1110 774 1202 812 hinc
1222 773 1487 813 alterinsecus.

200 843 345 894 quibus
366 850 424 882 est
445 842 561 881 dictis
582 841 724 892 dignus
741 853 867 890 usque
887 852 1097 878 oneremus
1113 839 1243 878 ambo.
1306 840 1381 878 DE.
1414 842 1535 879 nullu’

1434 918 1532 944 sum.

201 975 272 1012 Lv.
305 973 386 1011 filio
407 986 480 1011 suo
500 972 567 1023 qui
590 970 792 1010 innocenti
814 969 905 1009 fecit
925 977 1075 1008 tantam
1096 969 1288 1008 iniuriam.

203 1040 274 1076 Ev.
307 1052 427 1088 quem
448 1038 612 1088 quidem
629 1038 761 1075 hercle
780 1049 869 1086 ego,
882 1035 921 1073 in
937 1035 1116 1073 exsilium
1133 1048 1254 1084 quom
1272 1036 1353 1083 iret,
1370 1035 1533 1075 redduxi
1552 1043 1625 1087 980

1344 1101 1509 1139 domum
1525 1115 1536 1149 3

143 1187 184 1208 20
202 1183 294 1207 nam
322 1169 403 1208 ibat
432 1170 664 1208 exsulatum.
738 1169 814 1205 DE.
845 1180 897 1205 an
930 1166 1056 1205 abiit?
1119 1167 1190 1205 Lv.
1221 1165 1339 1205 etiam
1361 1167 1533 1217 loquere,

1400 1232 1536 1270 larua?

200 1308 417 1351 temperare
438 1299 535 1338 istac
555 1306 683 1338 aetate
704 1297 786 1337 istis
807 1299 923 1337 decet
943 1298 1010 1336 ted
1030 1297 1188 1335 artibus.

202 1367 275 1403 DE.
309 1367 443 1412 fateor,
466 1364 615 1415 deliqui
636 1365 824 1414 profecto.
886 1364 957 1401 Ev.
991 1362 1108 1400 etiam
1130 1363 1302 1412 loquere,
1324 1363 1461 1401 larua?

198 1444 367 1469 uaeuom
389 1443 474 1469 esse
495 1430 592 1468 istae
612 1430 680 1468 ted
700 1435 828 1467 aetate
849 1429 908 1466 his
929 1427 1097 1466 decebat
1117 1427 1253 1465 noxiis.
1549 1432 1636 1476 983³

199 1497 336 1536 itidem
357 1503 400 1535 ut
420 1503 576 1546 tempus
597 1494 702 1542 anni,
725 1501 854 1532 aetate
873 1493 949 1532 alia
969 1493 1076 1531 aliud
1098 1494 1245 1531 factum
1265 1493 1454 1532 conuenit
1468 1507 1479 1541 3

140 1577 178 1610 25
198 1575 290 1600 nam
312 1561 343 1600 si
365 1561 465 1599 istuc
486 1560 546 1598 ius
568 1568 637 1607 est,
661 1566 820 1598 senecta
839 1565 968 1597 aetate
989 1557 1150 1596 scortari
1171 1571 1295 1605 senes,
1549 1564 1617 1609 985

198 1627 265 1666 ubi
287 1626 400 1666 locist
421 1639 481 1664 res
502 1638 657 1664 summa
678 1632 810 1663 nostra
831 1623 1019 1674 puplica?
1078 1625 1152 1661 DE.
1187 1622 1232 1670 ei,
1255 1623 1350 1674 perii
1371 1623 1488 1662 miser
1507 1627 1513 1662 !

200 1694 270 1730 Lv.
302 1692 576 1730 adulescentes
598 1690 651 1729 rei
672 1691 850 1740 agendae
877 1688 937 1727 isti
961 1688 1075 1739 magi'
1096 1690 1223 1727 solent
1244 1701 1404 1738 operam
1425 1690 1526 1727 dare.

200 1760 275 1796 DE.
321 1756 399 1795 iam
439 1769 605 1806 opsecro
644 1756 762 1794 hercl'
803 1754 919 1793 uobis
954 1754 1098 1793 habete
1137 1766 1228 1792 cum
1267 1753 1406 1804 porcis,
1439 1767 1530 1792 cum

1382 1819 1527 1858 fiscina.

239 1936 306 1965 970
320 1926 402 1965 sort.
422 1926 612 1964 degeneres
636 1925 695 1966 (ita
722 1924 866 1961 colvius)
888 1925 972 1956 fiunt
1000 1925 1047 1964 (pi
1068 1930 1127 1965 pro
1149 1924 1184 1959 fn
1275 1933 1301 1954 s.
1320 1934 1346 1954 c.
1371 1923 1529 1954 damnum

196 1970 334 2009 capiunt
358 1979 467 2008 genus
493 1969 630 2008 ingenio
655 1969 775 2012 (cum)
802 1970 820 2000 i.
849 1969 974 1999 Ritschl
1072 1969 1244 2008 ingenium
1269 1967 1333 1998 cod.
1466 1978 1531 2007 972

196 2019 341 2045 aetatem
369 2012 435 2043 cod.
519 2013 636 2044 suerat
663 2013 728 2043 filio
753 2012 816 2044 cod.
839 2025 845 2043 :
879 2013 952 2043 irai.
981 2012 1092 2049 Bothe,
1117 2013 1214 2042 metri
1234 2021 1333 2041 causa
1465 2021 1530 2050 973

196 2063 344 2097 emptam
372 2061 513 2096 argento
539 2057 671 2096 eripere
696 2056 761 2087 cod.
786 2069 792 2087 :
828 2057 900 2087 tras.
935 2055 1036 2087 lVeise
1177 2065 1241 2094 977
1266 2054 1346 2096 (tu)
1372 2065 1437 2093 ego
1464 2054 1531 2085 Leo

196 2102 272 2132 altr·
297 2100 372 2131 Ital.
505 2102 572 2139 980
598 2101 665 2130 ibat
693 2102 733 2135 (fill
759 2100 822 2130 Leo
855 2100 905 2139 (cſs
940 2099 1029 2130 Trnc.
1062 2100 1138 2138 381,
1165 2099 1255 2139 Conj.
1276 2104 1336 2139 pro
1356 2097 1428 2130 Ind.
1455 2102 1532 2139 pos!

196 2155 293 2183 cum;
320 2145 338 2175 i.
359 2146 395 2184 9)
529 2146 591 2183 981
619 2144 679 2175 ibit
699 2144 871 2174 exulatum
893 2143 965 2173 PCD
983 2155 989 2174 ε
1013 2144 1126 2173 exibat
1147 2143 1283 2174 exilium
1301 2142 1333 2173 Β
1462 2143 1528 2181 982

195 2189 289 2220 velte
304 2190 362 2218 (ita
374 2187 455 2229 cod.)
515 2189 580 2227 983
607 2188 686 2228 Em]
706 2188 754 2218 vel
771 2188 828 2218 Lv.
894 2188 973 2226 983²
997 2197 1017 2217 a
1035 2186 1157 2218 Plauto
1174 2187 1337 2218 abiudicat
1351 2186 1528 2217 Abraham

196 2231 280 2263 stud.
302 2231 411 2263 Plaut.
429 2242 460 2271 p.
484 2232 542 2270 184
653 2233 716 2270 984
742 2235 886 2261 aetatem
905 2231 979 2262 Ital.
1085 2231 1182 2262 aliam
1200 2230 1264 2262 cod.
1377 2241 1422 2261 an
1439 2230 1503 2261 alid
1518 2232 1528 2261 ἓ

197 2277 363 2306 condecet
381 2275 580 2305 Lachmann
670 2276 734 2315 985
760 2275 835 2305 iuus
850 2274 915 2305 cod.
1005 2276 1068 2314 987
1093 2275 1143 2306 vel
1158 2284 1254 2314 mage
1343 2283 1448 2314 opera
1458 2272 1524 2305 cod.

197 2320 261 2359 988
287 2320 390 2350 hercl'
406 2322 590 2359 suspectum
681 2319 803 2349 habete
821 2318 917 2349 uobis
932 2318 1104 2349 Aa'dalius
