1676 2722
679 134 1028 171 AMPHITRVO
1480 132 1511 169 Ι.
1532 131 1547 168 i

93 256 159 293 215
181 261 346 298 propere
366 245 446 286 suis
466 248 517 286 de
538 245 682 285 finibus
702 244 894 285 exercitus
914 246 1168 284 deducerent.

181 314 280 352 haec
299 313 367 351 ubi
388 312 503 363 legati
523 313 726 363 pertulere,
751 311 990 361 Amphitruo
1010 310 1144 349 castris
1165 309 1256 348 ilico

180 377 362 429 producit
383 391 544 417 omnem
565 376 790 416 exercitum.
849 383 986 415 contra
1006 375 1210 414 Teloboae
1231 389 1277 414 ex
1298 374 1449 425 oppido
1531 381 1572 423 65

179 442 353 494 legiones
373 444 550 482 educunt
570 456 659 481 suas
680 441 788 480 nimi’
809 441 983 492 pulchris
1003 440 1121 480 armis
1142 439 1349 491 praeditas.

286 515 497 558 postquam
518 507 716 558 utrimque
737 506 883 546 exitum
905 514 962 545 est
983 519 1168 545 maxuma
1187 505 1313 556 copia,

92 578 161 605 2²0
286 572 479 623 dispertiti
499 572 581 619 uiri,
605 571 799 623 dispertiti
819 571 989 619 ordines,

285 651 358 676 nos
379 645 531 676 nostras
552 651 661 677 more
682 644 818 676 nostro
838 644 877 675 et
897 637 1020 675 modo
1041 635 1296 675 instruximus

232 702 416 754 legiones,
440 702 534 741 item
555 704 688 741 hostes
710 710 847 740 contra
865 701 1041 753 legiones
1062 715 1152 741 suas
1173 701 1380 740 instruont.
1535 715 1574 749 70

341 768 487 807 deinde
507 767 662 818 utrique
682 767 936 818 imperatores
957 767 997 806 in
1018 768 1195 807 medium
1216 774 1371 814 exeunt,

288 841 394 872 extra
414 833 569 872 turbam
590 833 774 872 ordinum
795 834 1089 883 conloquontur
1108 832 1236 871 simul.

91 911 156 948 225
288 899 486 947 conuenit,
509 899 604 938 uicti
624 899 698 938 utri
719 899 798 938 sint
817 913 865 939 eo
885 899 1047 950 proelio,

286 966 436 1013 urbem,
458 979 606 1017 agrum,
629 979 724 1013 aras,
748 967 858 1004 focos
879 979 1001 1016 seque
1021 965 1078 1004 uti
1099 966 1305 1005 dederent.

286 1039 497 1082 postquam
514 1032 555 1070 id
570 1040 702 1070 actum
717 1039 786 1078 est,
803 1031 922 1070 tubae
938 1038 1075 1070 contra
1088 1030 1287 1082 utrimque
1301 1038 1511 1078 occanum,
1536 1046 1572 1080 75

286 1105 481 1135 consonat
501 1104 610 1144 terra,
633 1098 846 1136 clamorem
867 1096 1065 1147 utrimque
1086 1098 1273 1135 ecferunt.

288 1162 500 1213 imperator
518 1162 727 1213 utrimque,
749 1161 843 1201 hinc
863 1169 901 1200 et
922 1161 1039 1209 illinc,
1065 1162 1153 1201 Ioui

89 1240 160 1275 230
287 1235 381 1266 uota
401 1227 609 1278 suscipere,
631 1225 864 1280 (utrimque)
882 1227 1027 1266 hortari
1048 1227 1272 1266 exercitum.

283 1292 404 1346 (tum)
423 1307 493 1344 pro
514 1307 556 1332 se
576 1293 744 1344 quisque
765 1292 806 1332 id
827 1295 935 1343 quod
956 1293 1125 1343 quisque
1146 1301 1275 1343 potest
1295 1301 1334 1332 et
1355 1294 1459 1332 ualet

284 1359 378 1407 edit,
401 1361 501 1398 ferro
522 1359 619 1407 ferit,
643 1360 719 1397 tela
736 1360 930 1409 frangunt,
953 1359 1047 1397 boat
1533 1364 1573 1394 80

340 1427 494 1465 caelum
514 1425 670 1464 fremitu
692 1425 830 1471 uirum,
854 1439 901 1464 ex
921 1424 1057 1475 spiritu
1077 1432 1197 1475 atque
1217 1423 1393 1463 anhelitu

342 1492 488 1531 nebula
508 1498 674 1538 constat,
697 1492 846 1529 cadunt
865 1490 1038 1529 uolneris
1059 1490 1098 1529 ui
1119 1498 1158 1529 et
1178 1489 1332 1528 uirium.

91 1565 157 1603 235
286 1557 471 1608 denique,
494 1565 536 1595 ut
557 1556 768 1603 noluimus,
791 1563 924 1595 nostra
943 1564 1100 1607 superat
1121 1569 1285 1594 manus:

286 1624 420 1662 hostes
441 1621 566 1661 crebri
587 1623 745 1669 cadunt,
768 1621 891 1660 nostri
911 1628 1048 1660 contra
1068 1621 1263 1671 ingruont.

394 1687 562 1727 uicimus
583 1687 622 1725 ui
643 1688 803 1726 feroces.
1534 1690 1574 1732 85

286 1754 356 1792 sed
377 1754 509 1804 fugam
529 1752 569 1791 in
591 1766 632 1791 se
652 1760 785 1791 tamen
806 1765 925 1791 nemo
945 1752 1190 1791 conuortitur

287 1833 361 1858 nec
382 1818 529 1858 recedit
548 1820 638 1857 loco
659 1817 755 1868 quin
776 1817 906 1856 statim
929 1831 1010 1856 rem
1031 1825 1137 1868 gerat
1152 1832 1162 1866 3

92 1897 161 1931 240
286 1885 459 1924 animam
480 1884 666 1923 amittunt
686 1883 791 1934 prius
813 1897 932 1934 quam
953 1884 1043 1922 loco
1063 1882 1283 1933 demigrent
1300 1898 1307 1921 ε

289 1949 457 2001 quisque
477 1957 519 1988 ut
540 1957 698 1989 steterat
719 1948 819 1988 iacet
839 1949 1072 1999 optinetque
1093 1948 1284 1988 ordinem.

228 2063 290 2092 215
314 2054 386 2084 suis
403 2054 445 2084 de
462 2052 587 2084 Bothe:
611 2053 654 2084 de
678 2052 747 2085 suis
770 2062 835 2084 coa.
975 2063 1037 2092 217
1063 2053 1133 2083 Tel.
1161 2057 1281 2083 contra
1298 2052 1415 2092 Bergk,
1432 2063 1514 2082 uam

183 2102 301 2128 contri
316 2101 501 2138 suspectum
613 2097 676 2128 218
701 2097 869 2128 reducunt
885 2095 929 2127 Β1
946 2108 952 2127 :
982 2097 1147 2128 seducunt
1166 2096 1208 2126 Β3
1344 2107 1406 2135 223
1434 2097 1513 2126 utri-

183 2151 248 2180 que
263 2141 483 2181 imperatores
496 2141 594 2171 eliam
616 2139 703 2172 codd.
723 2140 834 2173 Servii
852 2140 887 2171 in
903 2141 987 2171 Aen.
1013 2151 1038 2175 1,
1062 2151 1118 2180 191
1141 2152 1147 2170 ι
1171 2146 1315 2179 uterque
1333 2141 1516 2179 imperator

183 2184 294 2225 Bothe,
320 2189 357 2216 ut
379 2185 474 2216 cretz'c.
499 2188 628 2216 tetram.
645 2185 714 2224 fiat
738 2183 810 2225 (sed
830 2184 867 2224 cf
893 2185 971 2224 233)
1108 2193 1170 2222 227
1197 2195 1222 2214 c.
1251 2194 1280 2214 u.
1309 2193 1357 2214 oc.
1384 2182 1516 2223 Bmgk:

184 2228 352 2268 utrimque
384 2234 509 2259 canunt
541 2232 660 2259 contra
688 2228 764 2261 cod„
790 2229 846 2259 cui
869 2227 992 2259 lectioni
1016 2227 1210 2258 adlittemtzb
1225 2227 1320 2266 favet
1451 2237 1516 2265 230

184 2272 352 2312 utrimque
368 2271 444 2303 add.
464 2272 606 2312 Spengel
759 2281 818 2311 231
846 2276 916 2302 tum
934 2271 1009 2303 add.
1030 2272 1096 2302 Leo
1114 2272 1173 2309 (iii.
1198 2273 1227 2302 13
1341 2271 1390 2302 vel
1407 2269 1516 2311 quisq’

184 2325 248 2355 233
272 2316 332 2356 ex]
347 2321 380 2346 et
397 2314 487 2348 codd.
505 2315 682 2354 Non1'2'272
838 2325 900 2354 234
926 2316 1033 2346 uirum
1048 2314 1095 2344 D1
1122 2314 1127 2319 “
1212 2316 1387 2346 uolnerum
1400 2316 1433 2345 ui
1452 2314 1514 2344 uiri

185 2358 297 2390 Luchs
384 2369 446 2399 237
464 2359 609 2390 uicimus
621 2359 680 2390 del.
692 2358 893 2400 SpengeHff.
909 2361 985 2398 247⁸)
1078 2360 1142 2398 238
1159 2358 1290 2389 Nonms
1303 2360 1367 2397 480
1384 2362 1515 2389 testatur

185 2403 466 2444 conuertiturpro
481 2402 666 2433 ‘conuenit’
785 2413 848 2441 240
867 2404 1014 2432 animum
1040 2404 1118 2432 '-am
1132 2402 1245 2440 Jetcx
1259 2413 1325 2433 -om
1336 2401 1401 2443 D1)
1419 2402 1514 2432 amit-

186 2450 261 2477 tunt
278 2447 443 2487 Angelius
460 2447 511 2486 tes.
525 2446 648 2485 Journ.
669 2446 754 2477 Phil.
775 2447 826 2486 26,
848 2448 926 2486 294)
947 2457 953 2476 :
979 2447 1137 2476 omittunt
1155 2445 1221 2476 cod.
