1727 2702
183 98 276 140 11.i
677 100 725 137 T.
759 98 940 138 MACCI
973 98 1176 137 PLAVTI

758 338 996 387 ACTVS
1050 339 1098 385 II

150 471 240 510 II.i
483 473 883 511 MENAECHMvs
914 472 956 510 II
1069 472 1366 510 Massmuo

261 556 376 594 ΜΕΝ.
407 555 602 604 Voluptas
623 555 766 592 nullast
787 553 940 601 nauitis,
965 552 1179 599 Messenio,

260 620 384 659 maior
405 633 494 658 meo
514 619 649 658 animo
670 632 788 670 quarn
810 632 933 669 quom
954 618 1000 658 ex
1019 619 1100 657 alto
1121 619 1256 668 procul

260 693 400 724 terram
422 684 684 736 conspiciunt.
745 686 851 723 MEs.
884 683 1018 729 maior,
1042 697 1122 722 non
1144 683 1273 722 dicam
1295 684 1403 730 dolo,

259 751 371 802 quasi
391 750 609 789 adueniens
630 757 771 789 terram
791 749 928 789 uideas
949 762 1051 800 quae
1073 748 1187 788 fuerit
1208 756 1285 787 tua.

222 826 239 858 5
260 818 330 855 sed
351 829 531 866 quaesso‚
554 815 814 866 quamobrem
836 828 942 853 nunc
964 813 1233 865 Epidamnum
1255 813 1468 852 uenimus?

258 895 309 920 an
330 881 441 932 quasi
462 893 568 919 mare
588 880 718 919 omnis
738 879 991 919 circumimus
1011 879 1190 918 insulas?

233 967 237 970 ·
261 948 378 985 ΜΕΝ.
409 947 564 984 fratrem
586 945 808 996 quaesitum
828 944 1030 996 geminum
1050 957 1280 994 germanum
1303 957 1446 983 meum.

263 1014 367 1050 Mas.
400 1024 492 1049 nam
513 1010 610 1061 quid
632 1010 740 1050 modi
760 1011 934 1049 futurum
955 1017 1014 1049 est
1034 1009 1143 1048 illum
1165 1011 1380 1060 quaerere?

263 1077 327 1116 hic
346 1090 474 1115 annus
494 1084 625 1115 sextus
646 1083 704 1114 est
724 1083 934 1127 postquam
956 1075 991 1114 ei
1012 1075 1065 1114 rei
1087 1088 1246 1126 operam
1267 1076 1419 1115 damus.

207 1153 246 1177 10
266 1142 433 1189 Histros,
458 1141 672 1192 Hispanos,
698 1140 967 1188 Massiliensis,
991 1140 1180 1188 Hilurios,

264 1221 369 1245 mare
390 1220 574 1257 superum
596 1220 715 1245 omne
737 1206 1022 1257 Graeciamque
1043 1206 1235 1245 exoticam

262 1286 429 1323 orasque
451 1271 608 1310 Italicas
629 1270 769 1318 omnis,
792 1284 871 1321 qua
889 1271 1115 1322 adgreditur
1136 1284 1252 1318 mare,

263 1339 389 1376 sumu‘
409 1336 674 1376 circumuecti.
735 1337 766 1374 si
785 1349 912 1382 acum,
935 1337 1065 1383 credo,
1088 1349 1304 1386 quaereres,

263 1416 378 1441 acum
400 1401 629 1448 inuenisses,
653 1401 707 1440 sei
727 1409 943 1452 appareret,
966 1401 1043 1440 iam
1064 1401 1144 1440 diu.

207 1481 243 1512 15
264 1468 466 1507 hominem
489 1467 588 1506 inter
608 1467 722 1505 uiuos
742 1467 1006 1517 quaeritamus
1029 1475 1223 1506 mortuom
1241 1481 1250 1513 ;

262 1547 352 1572 nam
375 1533 664 1572 inuenissemus
685 1532 762 1570 iarn
783 1532 866 1579 diu,
887 1532 941 1571 sei
963 1533 1124 1572 uiueret.

263 1601 376 1637 ΜΕΝ.
409 1611 501 1648 ergo
522 1597 621 1636 istuc
642 1610 788 1647 quaero
808 1606 958 1636 certum
979 1597 1046 1648 qui
1067 1597 1182 1637 faciat
1203 1596 1310 1645 mihi,

262 1664 353 1714 quei
374 1677 460 1702 sese
480 1662 609 1702 deicat
629 1662 727 1701 scire
747 1677 837 1701 eum
859 1677 945 1702 esse
965 1671 1186 1702 emortuom
1203 1679 1210 1702 :

263 1742 423 1779 operam
446 1735 643 1778 praeterea
665 1742 882 1778 numquam
903 1742 1056 1767 sumam
1077 1742 1273 1779 quaerere.

205 1807 244 1829 20
264 1808 400 1833 uerum
421 1794 532 1832 aliter
553 1793 666 1832 uiuos
687 1807 903 1844 numquam
925 1794 1112 1833 desistam
1133 1793 1303 1844 exsequi.

263 1873 337 1909 ego
358 1859 466 1897 illum
488 1858 570 1898 scio
590 1872 707 1909 quam
730 1859 838 1897 cordi
860 1859 908 1897 sit
928 1873 1039 1898 carus
1062 1873 1161 1898 meo.

266 1927 370 1962 Mas.
404 1924 441 1962 in
464 1923 592 1973 scirpo
613 1925 763 1962 nodum
785 1923 949 1973 quaeris.
1008 1923 1103 1973 quin
1126 1937 1197 1962 nos
1219 1923 1310 1962 hinc
1330 1924 1494 1962 domum

265 1988 438 2027 redimus
459 1987 531 2025 nisi
554 1987 584 2025 si
606 1987 807 2025 historiam
830 1987 1006 2037 scripturi
1028 1989 1194 2026 sumus?

309 2092 374 2122 226
398 2090 521 2121 nullast
537 2090 692 2129 uoluptas
710 2089 742 2120 P
871 2100 933 2129 227
958 2089 1076 2131 quom]
1094 2090 1150 2130 qui
1167 2089 1256 2121 codd.
1274 2089 1499 2120 Lactant1'1·ad
1510 2088 1594 2121 Stat.

270 2134 361 2165 Theb.
375 2145 404 2164 2.
425 2145 500 2173 194:
525 2144 603 2173 qum
619 2133 659 2163 P:
675 2134 758 2172 sort.
777 2143 878 2172 quom
892 2134 900 2164 i
915 2134 976 2172 (ei)
1126 2133 1318 2173 228-9fere
1335 2133 1417 2164 m'leil
1431 2133 1548 2173 legitur
1561 2133 1593 2163 A

265 2178 328 2208 228
346 2178 558 2217 prospiciunt
571 2175 670 2216 Lace„
689 2176 720 2206 A
734 2188 765 2207 n.
778 2177 799 2207 I.
926 2187 989 2216 229
1011 2187 1110 2216 quam
1122 2179 1149 2207 si
1163 2176 1202 2216 P,
1219 2176 1308 2207 codd.
1329 2175 1437 2207 Lam:
1460 2186 1526 2215 q—
1538 2175 1572 2206 A
1588 2187 1595 2206 z

263 2222 290 2252 si
312 2224 390 2252 som.
411 2227 525 2260 quaml
543 2219 612 2250 edd.
702 2220 892 2259 conspicias
909 2220 994 2250 codd.
1010 2220 1096 2250 Lacf.
1232 2229 1341 2258 230-9
1352 2219 1478 2260 priores
1488 2223 1598 2260 partes

265 2265 460 2304 quuntm‘A
613 2273 675 2302 234
700 2263 902 2294 velscxtust:
926 2269 1043 2294 sextus
1060 2263 1092 2292 A
1184 2263 1214 2293 ei
1232 2263 1278 2293 rei
1299 2263 1478 2294 Gruterus:
1496 2263 1544 2293 ire
1561 2263 1595 2293 hi

265 2304 303 2342 P,
323 2309 355 2338 A
376 2319 407 2338 n.
427 2308 445 2338 l.
601 2316 666 2346 ²39
691 2307 754 2336 iam
769 2306 979 2336 Gulielmius:
1006 2311 1072 2336 tam
1092 2305 1130 2344 P,
1148 2305 1180 2335 A
1200 2316 1231 2336 n.
1249 2306 1272 2336 l.
1435 2316 1497 2345 242
1521 2305 1595 2346 qui]

265 2353 343 2390 quid
367 2352 396 2389 jd
423 2353 450 2382 A
469 2351 565 2390 (lpro
582 2351 636 2389 qui
657 2350 704 2380 id,
859 2351 922 2388 246
938 2350 985 2379 vel
1000 2349 1099 2379 illunc
1183 2359 1281 2380 carus
1298 2349 1339 2379 sit
1356 2349 1449 2381 cordi
1468 2359 1542 2380 meo
1558 2349 1591 2381 A

266 2405 326 2435 247
340 2413 349 2415 ⁴
353 2404 393 2433 55
415 2395 602 2434 posteriores
615 2397 723 2434 parlcs
739 2393 884 2433 leguntur
928 2393 937 2422 1
