1727 2702
184 62 225 100 V.
245 62 275 99 ii
659 62 707 101 T.
741 63 922 102 MACCI
956 63 1159 102 PLAVTI

248 186 298 213 ne
319 173 382 212 hic
403 181 441 212 te
465 175 670 224 optundat.
733 176 816 213 ΜΑ.
851 175 967 225 fugio.
1009 176 1164 225 amabo,
1183 177 1349 217 adserua
1364 164 1502 225 istunc:
1522 178 1575 217 mi

1456 252 1577 294 pater,

170 316 230 339 100
248 317 298 343 ne
327 317 408 354 quo
438 303 530 342 binc
558 304 684 343 abeat.
743 318 884 343 sumne
913 318 988 356 ego
1012 306 1151 345 mulier
1179 307 1318 347 misera
1345 322 1445 359 quae
1466 309 1579 348 illaec

1377 373 1496 413 audio
1508 375 1578 413 Ρ-

251 437 366 475 ΜΕΝ.
399 437 476 474 hau
513 437 613 474 male
648 435 764 474 illanc
798 435 955 484 amoui;
988 435 1232 491 (amoueam)
1261 452 1366 477 nunc
1391 442 1494 477 hunc
1524 437 1580 476 in-

1301 502 1577 553 purissumum‚

251 565 470 614 barbatum,
493 567 703 604 tremulum
725 564 925 612 Titanum,
948 565 1015 616 qui
1037 568 1141 606 cluet
1163 567 1302 617 Cygno
1323 575 1440 617 patre.

250 630 303 670 ita
337 630 432 669 mihi
465 630 632 681 imperas
659 638 700 669 ut
732 643 806 680 ego
840 630 956 669 huius
987 632 1165 670 membra
1195 640 1315 683 atque
1345 645 1433 671 ossa
1460 641 1581 683 atque
1599 635 1664 679 855
1699 663 1702 667 .

1469 705 1581 736 artua

250 760 520 800 comminuam
555 760 622 799 illo
661 760 838 811 scipione
869 774 989 811 quem
1024 760 1107 811 ipse
1139 761 1269 800 habet.
1329 763 1392 801 SE.
1423 762 1582 801 dabitur

1420 829 1578 868 malurn.

171 903 230 936 105
251 906 314 931 me
334 891 496 942 quidem
518 890 548 930 si
569 890 740 942 attigeris
760 898 827 929 aut
847 890 878 929 si
900 891 1061 941 propius
1081 893 1132 930 ad
1154 905 1217 931 me
1237 892 1456 931 accesseris.

253 958 367 995 ΜΕΝ.
399 956 541 995 faciam
562 957 672 1006 quod
693 955 804 994 iubes
828 971 838 1003 ;
866 955 1034 995 securim
1056 956 1208 1006 capiam
1229 957 1442 1008 ancipitem
1462 965 1582 1008 atque

1321 1024 1427 1061 hunc
1447 1036 1581 1062 senem

250 1103 339 1129 osse
360 1088 427 1127 fini
449 1088 651 1127 dedolabo
672 1086 874 1126 assulatim
896 1086 1056 1126 uiscera.

251 1157 315 1194 SE.
347 1155 452 1193 enim
483 1166 578 1193 uero
607 1153 703 1192 illud
734 1154 1091 1203 praecauendumst
1124 1160 1243 1203 atque
1273 1154 1582 1192 adcurandumst
1601 1155 1671 1190 860

1461 1218 1555 1256 mihi
1574 1232 1584 1265 ;

252 1299 346 1324 sane
366 1298 439 1335 ego
460 1285 570 1323 illum
592 1291 738 1331 metu0‚
762 1291 804 1322 ut
826 1282 1007 1330 minatur,
1031 1297 1081 1322 ne
1102 1283 1198 1333 quid
1220 1285 1321 1322 male
1342 1283 1434 1321 faxit
1456 1283 1562 1321 mihi.

172 1367 233 1389 110
255 1354 368 1390 ΜΕΝ.
403 1352 525 1389 multa
545 1350 597 1388 mi
619 1350 799 1400 imperas,
822 1350 968 1399 Apollo
988 1365 994 1387 :
1026 1363 1132 1387 nunc
1152 1362 1276 1399 equos
1298 1349 1451 1387 iunctos
1471 1348 1583 1387 iubes

253 1430 393 1467 capere
414 1430 477 1454 me
498 1415 725 1462 indomitos,
748 1414 898 1460 ferocis,
922 1422 1042 1464 atque
1064 1414 1102 1451 in
1124 1427 1280 1452 currum
1303 1413 1546 1458 inscendere,

255 1491 297 1520 ut
317 1495 391 1532 ego
411 1483 518 1519 hunc
538 1488 734 1530 proteram
757 1481 912 1518 leonem
932 1481 1121 1525 uetulum,
1139 1480 1324 1526 olentem,
1340 1479 1582 1517 edentulum.

256 1547 331 1585 iam
363 1545 466 1585 astiti
498 1545 536 1583 in
566 1558 733 1592 currum,
772 1544 849 1583 iam
885 1546 966 1583 lora
997 1551 1126 1591 teneo,
1164 1543 1240 1582 iam
1278 1543 1480 1582 stimulum
1498 1559 1505 1582 ε
1544 1543 1584 1581 in
1604 1548 1669 1593 865

1415 1616 1581 1648 manust.

254 1678 356 1727 agite
376 1676 479 1727 equi,
502 1676 659 1715 facitote
680 1675 831 1714 sonitus
852 1677 1084 1726 ungularum
1105 1681 1300 1724 appareat,

177 1759 235 1790 115
256 1756 371 1781 cursu
392 1741 506 1781 celeri
529 1741 642 1780 facite
665 1741 806 1779 inflexa
825 1740 874 1779 sit
895 1742 1042 1791 pedum
1064 1739 1282 1790 pernicitas.

257 1809 320 1846 SE.
355 1806 478 1845 mihin
516 1805 628 1857 equis
667 1805 810 1844 iunctis
850 1805 1031 1844 minare?
1129 1806 1243 1843 MEN.
1290 1804 1393 1851 e'cce,
1427 1805 1584 1855 Apollo,

1453 1870 1586 1907 denuo

258 1951 320 1976 me
341 1937 452 1976 iubes
474 1938 601 1976 facere
623 1936 814 1987 impetum
837 1936 875 1974 in
897 1949 986 1975 eum
1010 1935 1076 1985 qui
1099 1942 1173 1973 stat
1200 1942 1319 1984 atque
1339 1933 1530 1972 occidere.

301 2043 363 2081 852
389 2051 517 2072 summe
535 2041 599 2073 cod.
623 2043 715 2079 (corr.
733 2039 798 2081 BQ)
889 2040 997 2071 audeo
1015 2038 1080 2070 cod.
1102 2042 1195 2077 (corr.
1211 2037 1271 2075 3²>
1325 2040 1390 2078 853
1413 2046 1587 2068 amoueam

255 2090 333 2120 add.
350 2088 488 2119 Pet-sson
543 2087 608 2127 854
633 2086 816 2117 Tithonum
833 2085 901 2116 cdd.
948 2084 1004 2122 qui
1026 2083 1115 2113 lucet
1134 2086 1206 2122 (pro
1222 2080 1324 2121 cluet)
1343 2090 1455 2120 cygno
1472 2079 1586 2110 Pn'sci-

257 2140 344 2159 anus
362 2140 389 2166 r,
406 2130 490 2158 216:
517 2138 623 2167 cycno
642 2132 841 2167 prognatum
859 2126 926 2157 cod.
1013 2127 1144 2157 Cucino
1160 2125 1283 2155 Rr'tschl
1391 2124 1455 2163 858
1478 2123 1586 2154 securi

258 2172 321 2202 cod.
415 2172 465 2203 vel
479 2182 595 2202 senem
614 2190 656 2194 —
676 2173 836 2203 (sermone
852 2171 1043 2210 intermaeplo)
1164 2170 1225 2199 861
1245 2168 1294 2198 vel
1309 2167 1406 2198 illunc
1523 2167 1586 2206 864

259 2215 408 2246 uetulum
431 2215 646 2245 Gulielmius:
673 2215 798 2245 ctulum
824 2213 888 2244 cod.
992 2213 1188 2243 edentulum
1211 2212 1312 2243 Pius:
1349 2211 1506 2241 edentius
1522 2209 1586 2241 cod.

259 2260 282 2299 (i
297 2264 358 2299 pro
374 2261 397 2297 l,
415 2260 435 2290 ι’.
450 2270 474 2289 e.
494 2260 525 2289 ul
544 2270 552 2297 ;
576 2259 629 2289 vii.
648 2267 677 2296 5,
698 2268 728 2297 p.
742 2260 801 2297 97)
931 2257 994 2295 865
1018 2257 1172 2287 stimulus
1191 2256 1255 2286 iam
1274 2255 1400 2286 Rs'tschl
1523 2255 1588 2284 866

257 2307 417 2342 appareat
435 2302 576 2333 Ritschl:
602 2305 768 2341 apparent
778 2299 844 2332 cod.
944 2301 1007 2339 867
1034 2300 1169 2330 facitote
1181 2298 1253 2329 ΡΟ)
1322 2298 1443 2328 inflexa
1455 2296 1586 2327 Dousa:

258 2347 384 2377 inflexu
402 2346 466 2377 cod.
488 2347 522 2375 <u
537 2351 599 2386 pro
615 2356 653 2381 a:
679 2345 722 2375 vi.
744 2346 774 2385 1)
880 2345 947 2374 sint
963 2342 1029 2375 cod.
1051 2344 1142 2382 (corr.
1164 2341 1226 2383 13²)
1361 2341 1424 2371 868
1450 2350 1586 2372 manare

257 2390 322 2421 cod.
346 2392 437 2426 (corr.
457 2389 522 2429 3²)
