1727 2702
86 114 216 153 111.ss
606 116 654 155 T.
686 116 867 156 MACCI
899 117 1102 156 PLAVTI

123 228 166 261 60
185 237 322 263 uerum
343 223 422 264 irae
442 224 473 264 si
493 238 596 276 quae
616 226 716 264 forte
734 224 925 265 eueniunt
944 225 1173 265 huiusmodi

185 290 284 329 inter
303 304 382 337 eos,
405 304 538 329 rusum
559 290 590 329 si
612 298 818 331 reuentum
839 291 879 330 in
898 291 1060 342 gratiam
1080 299 1151 339 est,

185 355 245 395 bis
267 363 377 394 tanto
396 355 512 394 amici
534 363 628 395 sunt
648 355 748 394 inter
768 369 810 395 se
830 370 949 407 quam
972 355 1088 407 prius.

185 422 259 459 AL.
290 420 461 472 primum
481 420 634 460 cauisse
654 421 828 472 oportuit
849 435 899 461 ne
918 421 1082 469 diceres,

185 499 322 524 uerum
343 487 482 525 eadem
503 485 535 525 si
555 485 663 525 idem
683 499 824 538 purgas
845 486 1123 537 mi,‚patiunda
1142 493 1244 525 sunt.
1537 495 1606 534 945

124 555 165 597 ⁶5
187 552 245 589 lv.
278 550 370 590 iube
390 564 485 590 uero
505 565 599 590 uasa
619 564 717 602 pura
735 550 917 590 adornari
939 550 1047 598 mihi,

186 623 228 654 ut
248 629 349 666 quae
368 617 476 667 apud
496 615 692 667 legionem
714 624 809 655 uota
828 615 922 654 uoui
943 615 974 654 si
995 617 1160 655 domum

186 680 390 720 rediissem
411 682 552 729 saluos,
575 694 623 720 ea
643 694 717 731 ego
737 681 938 720 exsoluam
959 680 1104 720 omnia.

186 747 259 784 AL.
291 759 366 796 ego
385 746 484 785 istuc
505 746 663 785 curabo.
726 746 784 784 1v.
806 754 972 785 euocate
992 747 1069 785 huc
1089 745 1269 796 Sosiam;

186 812 489 862 gubernatorem
510 810 578 862 qui
599 810 638 849 in
660 824 749 850 mea
768 810 860 849 naui
880 810 953 849 fuit
1539 821 1610 858 950

128 888 168 924 70
190 877 479 926 Blepharonem
500 883 670 915 arcessat
691 875 759 926 qui
779 875 987 915 nobiscum
1009 876 1209 927 prandeat.

189 941 245 983 †is
264 942 366 980 adeo
387 940 593 992 inpransus
614 940 916 988 ludificabitur†‚

186 1020 308 1057 quom
329 1019 402 1056 ego
423 1005 758 1057 Amphitruonem
778 1007 882 1046 collo
903 1005 996 1044 hinc
1015 1005 1205 1057 opstricto
1224 1007 1386 1046 traham.

187 1074 261 1110 AL.
293 1071 434 1110 mirum
454 1071 552 1122 quid
572 1073 679 1110 solus
699 1084 835 1111 secum
855 1079 1008 1110 secreto
1027 1071 1092 1111 ille
1111 1080 1210 1122 agat.

186 1145 306 1187 atque
325 1136 553 1188 aperiuntur
571 1137 701 1176 aedes.
761 1136 840 1176 exit
859 1136 982 1176 Sosia.
1540 1146 1608 1186 955

123 1249 169 1288 iii
368 1249 532 1287 Sosm
645 1249 922 1287 IVPPITER
1034 1250 1350 1287 ALCVMENA

189 1331 253 1370 So.
286 1329 536 1381 Amphitruo,
554 1331 706 1369 adsum.
756 1329 789 1368 si
810 1329 907 1381 quid
927 1343 1028 1381 opus
1048 1338 1118 1377 est,
1137 1329 1297 1381 impera,
1315 1329 1522 1381 imperium

1321 1407 1521 1445 exsequar.

191 1462 249 1500 lv,
280 1459 441 1513 (Sosia,)
452 1468 616 1512 optume
628 1460 805 1500 aduenis.
852 1461 917 1500 So.
941 1460 1018 1500 iam
1035 1473 1110 1511 pax
1125 1468 1184 1500 est
1199 1459 1300 1499 inter
1312 1473 1384 1498 uos
1399 1460 1522 1498 duos?

189 1539 281 1564 nam
302 1525 395 1576 quia
415 1539 486 1565 uos
507 1525 738 1576 tranquillos
759 1525 891 1573 uideo,
913 1527 1068 1576 gaudeo
1088 1533 1127 1565 et
1147 1526 1330 1576 uolupest
1350 1524 1457 1562 mihi.

188 1598 308 1641 atque
328 1590 382 1630 ita
401 1603 556 1629 seruom
577 1603 647 1642 par
666 1590 824 1630 uidetur
843 1591 942 1641 frugi
963 1604 1048 1629 sese
1068 1590 1293 1629 instituere:

153 1671 170 1703 5
190 1655 356 1707 proinde
376 1655 430 1695 eri
451 1663 493 1695 ut
509 1655 597 1704 sint,
615 1655 699 1707 ipse
718 1655 814 1695 item
835 1655 883 1695 sit
899 1671 910 1704 5
937 1657 1090 1695 uoltum
1111 1669 1132 1695 e
1153 1657 1263 1694 uoltu
1279 1662 1505 1706 comparet:
1540 1663 1611 1708 960

189 1721 308 1761 tristis
329 1721 388 1769 sit,
411 1721 442 1760 si
464 1720 517 1760 eri
539 1721 616 1760 sint
637 1720 765 1760 tristes
780 1736 791 1770 3
820 1721 965 1760 hilarus
986 1721 1046 1768 sit,
1068 1720 1099 1759 si
1119 1721 1326 1771 gaudeant.

190 1788 260 1826 sed
281 1800 353 1837 age
372 1787 593 1838 responde:
623 1785 701 1826 iam
722 1800 795 1826 uos
815 1786 984 1827 rediistis
1005 1786 1045 1825 in
1065 1785 1318 1825 concordiam
1331 1787 1349 1824 ?

192 1854 250 1891 Iv.
282 1851 438 1891 derides
458 1851 525 1902 qui
546 1851 623 1890 scis
643 1853 743 1892 haec
763 1853 917 1892 dudum
939 1865 1002 1890 me
1022 1851 1166 1890 dixisse
1186 1863 1254 1901 per
1274 1850 1416 1889 iocum.

191 1919 256 1958 So.
288 1932 337 1956 an
359 1917 399 1956 id
420 1917 509 1957 ioco
528 1917 690 1958 dixisti?
726 1918 913 1969 equidem
934 1917 1035 1956 serio
1054 1930 1101 1956 ac
1121 1930 1216 1956 uero
1235 1924 1349 1955 ratus.

134 2000 174 2023 ιο
193 1986 251 2024 Ιν.
283 1984 403 2023 habui
424 1984 758 2035 expurigationem
775 1999 784 2032 3
814 1986 916 2023 facta
937 1997 1010 2034 pax
1030 1991 1099 2022 est.
1159 1984 1223 2021 So.
1255 1991 1418 2033 optume
1436 1989 1505 2021 est.
1541 1985 1609 2030 965

192 2051 250 2090 1v.
286 2063 361 2101 ego
394 2063 476 2089 rem
505 2049 683 2089 diuinam
713 2049 817 2089 intus
847 2049 1000 2097 faciam,
1032 2056 1125 2088 uota
1156 2061 1257 2099 quae
1290 2055 1390 2086 sunt.
1454 2048 1519 2086 So.

1365 2124 1519 2150 censeo.

191 2182 250 2220 IV.
282 2189 323 2220 tu
343 2181 645 2231 gubernatorem
665 2193 689 2219 a
709 2179 800 2218 naui
821 2181 899 2218 huc
919 2192 1043 2218 euoca
1062 2177 1192 2218 uerbis
1213 2177 1311 2217 meis

234 2284 298 2314 945
323 2274 429 2305 isdem
448 2272 524 2310 cod„
544 2271 809 2312 antiquasornm
936 2272 1002 2310 948
1024 2270 1198 2302 exsoluam
1215 2271 1302 2310 (ma)
1319 2268 1430 2312 (una)
1448 2270 1520 2309 (oa)

191 2317 345 2358 Seyffert:
378 2317 552 2347 exsoluam
579 2314 689 2357 (iam)
712 2313 850 2345 Mucller
866 2314 996 2348 (let'n.
1022 2313 1110 2346 Mus.
1129 2324 1181 2353 54,
1201 2314 1281 2353 382)
1404 2322 1468 2352 952
1493 2314 1521 2343 is

192 2373 210 2392 a
240 2360 406 2391 Mercurio
433 2361 500 2399 inp.
530 2358 595 2389 Leo
622 2359 673 2399 (cs
700 2359 785 2398 Arg.
820 2358 860 2389 11.
889 2359 925 2398 9)
1024 2357 1180 2400 (lepide)
1205 2357 1285 2387 ludi.
1308 2354 1520 2386 Lindemann

191 2415 254 2444 957
282 2404 379 2434 Sosia
397 2403 474 2434 add.
492 2403 555 2433 Lco
570 2403 619 2441 (rf
636 2402 680 2433 iii.
696 2403 731 2440 2)
821 2402 886 2440 963
911 2401 1036 2432 dudum
1056 2401 1285 2432 Camerarius:
1312 2400 1375 2430 iam
1394 2399 1518 2431 dudum

191 2449 257 2479 cod.
274 2448 330 2482 (iv.
356 2448 386 2482 1)
529 2447 591 2486 964
619 2446 666 2476 vel
682 2455 769 2476 anne
786 2445 818 2476 id
838 2445 912 2475 ioco
