1727 2712
681 126 954 164 ASINARIA
1403 128 1479 164 III.
1502 127 1516 162 i

154 239 391 288 compellare
409 244 477 275 aut
497 243 751 283 contrectare,
773 236 1013 286 conloquiue
1032 245 1099 276 aut
1119 238 1253 277 contui
1269 240 1286 276 ?
1504 252 1547 273 20

155 303 252 353 quid
272 302 412 341 dedit?
440 302 536 352 quid
557 302 668 340 iussit
687 303 738 340 ad
759 315 831 340 nos
852 303 1078 352 deportari?
1105 317 1156 341 an
1177 310 1218 341 tu
1240 303 1308 341 tibi

70 381 134 419 525
156 369 277 407 uerba
297 368 443 406 blanda
463 382 548 406 esse
567 381 706 406 aurum
728 381 821 415 rere,
844 367 951 406 dicta
969 369 1088 406 docta
1108 382 1178 419 pro
1198 368 1329 406 datis?

156 434 258 472 ultro
277 446 397 480 amas,
419 434 521 471 ultro
542 431 765 483 expetessis‚
789 433 891 471 ultro
911 434 962 471 ad
983 440 1021 471 te
1040 433 1186 471 accersi
1208 433 1330 471 iubes.

156 499 243 537 illos
262 498 330 548 qui
350 500 446 537 dant
466 511 535 537 eos
555 497 735 545 derides;
764 497 832 547 qui
853 498 1047 536 deludunt
1069 498 1233 548 deperis.

155 577 205 602 an
228 572 266 601 te
285 563 326 602 id
347 571 571 613 exspectare
590 569 756 613 oportet,
779 562 810 600 si
831 562 918 612 quis
938 562 1139 612 promittat
1161 562 1230 601 tibi
1507 575 1545 607 25

157 636 196 667 te
216 630 409 666 facturum
431 627 606 673 diuitem,
631 627 662 665 si
683 626 870 665 moriatur
890 634 1013 664 mater
1033 629 1132 665 sua?

72 705 139 742 530
158 701 310 732 ecastor
331 691 479 745 [nobis]
502 692 691 743 periclum
712 705 899 742 magnum
920 699 958 730 et
979 692 1148 730 familiae
1169 692 1425 743 portenditur,

157 760 253 797 dum
274 758 358 797 eius
378 765 651 807 exspectamus
674 764 851 804 mortem,
875 770 925 795 ne
945 771 1017 794 nos
1039 757 1251 795 moriamur
1272 759 1384 795 fame.

157 837 263 862 nunc
283 825 385 862 adeo
406 822 479 861 nisi
501 822 554 860 mi
575 824 652 860 huc
672 822 820 872 argenti
841 822 965 860 adfert
986 822 1123 872 uiginti
1146 822 1282 869 minas,

158 889 207 928 ne
228 889 292 927 ille
312 897 463 927 ecastor
483 888 576 926 hinc
597 889 774 926 trudetur
793 889 920 937 largus
941 889 1201 925 lacrumarum
1222 889 1335 925 foras.
1508 900 1552 931 30

159 954 223 992 hic
244 955 327 993 dies
348 961 543 992 summust
562 952 660 1005 <quo
681 951 757 1005 est)
775 954 881 1003 apud
904 967 967 990 me
988 953 1145 1003 inopiae
1166 953 1375 992 excusatio.

74 1027 137 1064 535
160 1021 234 1057 PH.
267 1019 400 1069 patiar,
425 1018 455 1057 si
477 1018 567 1057 cibo
588 1032 718 1056 carere
739 1031 802 1055 me
823 1017 946 1064 iubes,
971 1026 1093 1056 mater
1114 1032 1211 1056 mea.

159 1086 229 1123 CL.
262 1098 343 1123 non
364 1093 460 1123 uoto
480 1085 547 1122 ted
567 1097 699 1122 amare
719 1083 786 1133 qui
806 1084 903 1121 dant
923 1083 1043 1133 quoia
1062 1092 1243 1122 amentur
1263 1084 1392 1133 gratia.

159 1152 233 1189 PH.
266 1150 363 1201 quid
397 1150 428 1188 si
460 1150 524 1188 hic
557 1149 712 1188 animus
745 1157 991 1200 occupatust,
1025 1157 1158 1196 mater,
1191 1150 1285 1199 quid
1321 1149 1490 1187 faciam?

1122 1228 1250 1252 mone.
1311 1216 1381 1253 CL.
1414 1229 1489 1261 em,

160 1294 292 1319 meum
314 1288 431 1331 caput
451 1282 707 1330 contemples‚
731 1280 762 1318 si
783 1280 944 1330 quidem
967 1293 1013 1318 ex
1034 1293 1073 1318 re
1094 1281 1292 1318 consultas
1314 1288 1389 1318 tua.
1512 1292 1553 1324 35

75 1323 142 1406 {23
163 1348 235 1384 PH.
268 1346 385 1384 etiarn
407 1345 528 1396 opilio
548 1345 615 1395 qui
637 1345 772 1395 pascit,
796 1354 928 1391 mater,
951 1345 1098 1383 alienas
1123 1345 1220 1392 ouis,

160 1411 331 1461 aliquam
353 1412 472 1449 habet
493 1410 731 1461 peculiarem
752 1409 819 1459 qui
841 1423 951 1460 spem
973 1412 1119 1449 soletur
1140 1424 1262 1448 suam.

161 1476 245 1514 sine
267 1490 329 1514 me
349 1490 480 1514 amare
501 1489 624 1513 unum
646 1475 910 1525 Argyrippum
931 1474 1051 1512 animi
1073 1489 1220 1521 caussa,
1245 1488 1363 1524 quem
1386 1476 1489 1513 uolo.

161 1542 232 1580 CL.
265 1541 367 1579 intro
387 1541 462 1587 abi,
485 1554 577 1578 narn
599 1548 636 1578 te
657 1539 818 1590 quidem
837 1541 978 1589 edepol
1001 1539 1096 1576 nihil
1119 1548 1176 1577 est
1198 1540 1464 1588 inpudentius.

163 1608 237 1645 PH.
269 1606 496 1645 audientem
517 1606 636 1653 dicto,
660 1613 794 1652 mater,
817 1605 1034 1654 produxisti
1056 1605 1187 1642 filiam.
1510 1619 1554 1650 40

511 1776 760 1813 LlssAst
872 1775 1133 1811 LEONIDA
1510 1775 1541 1812 ii

77 1879 141 1917 545
162 1870 222 1907 L1.
265 1868 457 1906 Perfidiae
477 1868 613 1906 laudes
632 1866 853 1917 gratiasque
873 1867 1065 1904 habemus
1087 1866 1225 1904 merito
1246 1879 1421 1916 magnas,

162 1947 284 1984 quom
305 1933 447 1972 nostris
467 1932 745 1983 sycophantiis,
768 1932 870 1970 dolis
889 1931 1131 1981 astutiisque,

162 2002 407 2050 scapularum
430 1998 682 2046 confidentia,
705 1998 849 2035 uirtute
870 1999 1052 2035 ulnorurn
1074 1997 1227 2044 fretis—

161 2064 228 2115 qui
248 2066 462 2103 aduorsum
484 2064 673 2110 stimulos,
697 2063 904 2101 lamminas
922 2076 1137 2112 crucesque
1158 2063 1466 2112 compedesque,

208 2179 269 2208 524
295 2171 370 2209 dep.
391 2170 450 2200 ius.
472 2169 513 2199 ad
537 2179 601 2198 nos
616 2168 681 2200 cod.
698 2179 705 2199 :
730 2167 843 2207 traieci,
864 2167 1016 2206 rhythmo
1028 2166 1196 2197 consulens
1285 2171 1318 2196 tu
1336 2165 1394 2196 del.
1414 2165 1495 2196 Reiz

165 2222 227 2252 527
241 2214 326 2254 jort.
347 2214 393 2243 illi
460 2213 594 2252 deperis
614 2212 849 2242 Camerarius:
874 2210 1010 2241 dederis
1028 2210 1093 2242 cod.
1115 2210 1161 2250 χΙ)
1175 2215 1237 2249 pro
1255 2209 1297 2243 Ρ)
1431 2219 1494 2248 529

167 2257 328 2287 moriatur
344 2256 499 2296 Pylades:
526 2256 666 2286 moritur
683 2255 747 2285 cod.
837 2265 897 2285 sua
914 2253 989 2284 Ital.
1008 2265 1014 2283 z
1041 2259 1096 2284 tua
1120 2253 1184 2283 cod,
1309 2263 1373 2291 530
1398 2254 1495 2283 nobis

166 2299 223 2331 del.
250 2300 351 2330 Bothe
439 2311 501 2339 534
526 2310 592 2338 quo
618 2303 669 2329 est
686 2298 761 2329 add.
781 2299 822 2338 (ἶ)
841 2299 904 2328 Leo
991 2299 1055 2336 536
1078 2298 1179 2336 quoia
1193 2297 1321 2336 Bffl-gk:
1345 2307 1409 2335 qua
1427 2296 1491 2326 cod.

169 2344 203 2380 (i.
226 2344 260 2382 7)
383 2354 443 2382 547
471 2344 625 2373 ulnorum
645 2344 803 2379 (marum,
824 2343 980 2381 -morum)
997 2341 1084 2371 codd,
1103 2341 1206 2370 Nonii
1219 2342 1301 2370 262:
1330 2341 1494 2370 ulmorum

169 2386 233 2418 cod.
323 2387 404 2418 sreci
421 2386 486 2419 cod.
509 2390 600 2427 (corr.
614 2385 682 2426 PE>
772 2387 932 2416 uirtutem
951 2385 1113 2415 ulmorum
1133 2385 1216 2422 fregi
1236 2383 1300 2412 Leo
