1727 2712
723 112 998 150 ASINARIA
1463 110 1516 147 ΙΙ.
1539 109 1585 145 iv

104 235 174 270 440
191 236 298 262 nunc
313 230 372 262 sat
387 222 466 273 agit
482 237 490 261 ε
509 223 672 262 adducit
688 224 853 262 domum
868 222 985 260 etiam
1004 223 1104 260 ultro
1120 229 1158 260 et
1174 220 1308 260 scribit
1324 233 1520 258 nummos.

194 290 345 327 Dromo
367 289 590 327 mercedem
612 288 786 327 rettulit?
844 290 903 325 L1.
936 287 1103 326 dimidio
1124 287 1254 325 minus
1275 286 1425 336 opinor.
1544 304 1583 335 35

191 356 261 392 LE.
303 353 400 404 quid
431 353 650 392 relicuom?
730 355 788 391 L1.
829 353 936 391 aibat
968 354 1132 391 reddere
1164 366 1285 403 quom
1325 352 1524 402 extemplo

732 414 739 416 i
1175 417 1375 456 redditum
1396 425 1498 456 esset
1513 432 1522 465 3

188 498 280 523 nam
301 484 468 531 retineri,
491 493 533 522 ut
554 485 662 534 quod
683 484 732 522 sit
753 484 827 522 sibi
848 483 976 534 operis
997 485 1169 522 locatum
1192 484 1382 522 ecficeret.

188 551 259 588 LE.
291 551 460 600 scyphos
481 563 581 600 quos
601 551 770 588 utendos
791 549 884 588 dedi
906 549 1154 596 Philodamo,
1177 548 1406 587 rettulitne?

46 654 49 655 γ
98 623 165 660 445
189 617 249 653 L1.
273 628 353 654 non
367 615 496 654 etiarn.
539 616 609 652 LE.
634 614 725 653 hem
742 616 853 653 non?
882 614 913 652 si
934 613 1042 661 uelis,
1059 616 1120 660 da,
1139 614 1352 652 commoda
1368 613 1520 651 homini

1376 679 1515 717 amico.

186 747 270 784 ME.
302 746 398 796 perii
420 747 560 794 hercle,
583 745 661 784 iam
689 745 753 784 hic
774 759 838 784 me
863 744 1038 795 abegerit
1062 758 1134 783 suo
1161 744 1266 784 odio.
1328 746 1386 782 L1.
1420 745 1518 782 heus
1538 758 1581 788 40

1250 810 1327 848 iarn
1349 809 1441 848 satis
1462 817 1514 847 tu.

183 877 305 916 audin
326 891 428 927 quae
448 877 650 927 loquitur?
706 878 776 915 LE.
803 876 923 915 audio
944 885 981 915 et
1002 876 1175 926 quiesco.
1237 877 1319 913 ME.
1343 877 1516 922 tandem,

1363 941 1514 990 opinor,

184 1007 384 1046 conticuit.
456 1021 563 1046 nunc
592 1009 732 1046 adeam
763 1015 970 1058 optumum
1002 1015 1070 1054 est,
1103 1007 1200 1057 priu'
1230 1004 1349 1057 Quam
1380 1006 1516 1056 incipit

1360 1072 1512 1110 tinnire.

183 1150 302 1188 quam
334 1151 425 1176 mox
455 1138 508 1176 mi
539 1151 698 1189 operam
730 1139 830 1176 das?
898 1139 967 1176 LE.
1001 1139 1128 1184 ehem,
1161 1145 1336 1188 optume.
1395 1151 1513 1187 quam

1051 1205 1203 1242 dudum
1226 1211 1267 1240 tu
1288 1203 1516 1241 aduenisti?

93 1278 164 1314 450
182 1281 262 1306 non
284 1269 415 1306 hercle
435 1276 473 1306 te
494 1267 744 1317 prouideram
767 1268 944 1318 (quaeso,
967 1282 1017 1306 ne
1038 1268 1135 1306 uitio
1157 1268 1317 1318 uortas),

182 1332 235 1371 ita
255 1332 456 1371 iracundia
477 1332 628 1383 opstitit
649 1333 783 1371 oculis.
845 1335 927 1371 ME.
961 1346 1041 1371 non
1064 1333 1205 1371 mirum
1227 1334 1373 1371 facturn
1396 1341 1464 1372 est.
1532 1351 1573 1382 45

181 1400 250 1437 sed
267 1398 297 1436 si
314 1398 422 1437 dorni
440 1407 508 1446 est,
528 1400 818 1437 Demaenetum
832 1400 1026 1437 uolebam.
1072 1400 1142 1436 LE.
1162 1407 1276 1448 negat
1294 1412 1379 1437 esse
1395 1399 1510 1438 intus.

179 1478 316 1502 uerum
339 1465 438 1502 istuc
458 1472 664 1515 argentum
686 1472 819 1503 tamen
842 1464 936 1501 mihi
959 1464 989 1501 si
1012 1464 1070 1502 uis
1092 1465 1360 1511 denumerare,

180 1529 448 1580 repromittam
470 1530 569 1568 istoc
590 1529 752 1568 nomine
774 1531 942 1567 solutam
964 1543 1045 1567 rem
1067 1530 1248 1567 futuram.

92 1604 158 1641 455
181 1596 264 1633 ME.
297 1595 352 1634 sic
373 1596 502 1646 potius
523 1604 565 1634 ut
588 1598 836 1634 Demaeneto
857 1595 927 1633 tibi
949 1608 1015 1633 ero
1036 1603 1241 1645 praesente
1261 1597 1435 1634 reddam.

179 1661 239 1698 L1.
272 1674 359 1699 erus
381 1661 509 1700 istunc
530 1661 641 1700 nouit
665 1669 784 1712 atque
812 1675 921 1699 erum
943 1660 1016 1699 hic.
1079 1662 1161 1699 ME.
1194 1674 1260 1699 ero
1288 1661 1379 1699 huic
1406 1675 1511 1711 prae·
1531 1676 1571 1707 50

1202 1733 1313 1764 sente
1333 1727 1508 1765 reddam.

178 1790 238 1828 L1.
271 1791 322 1828 da
343 1792 465 1829 modo
486 1804 576 1830 meo
597 1791 781 1841 periculo,
806 1805 888 1830 rem
911 1793 1060 1830 saluam
1084 1804 1156 1841 ego
1178 1791 1400 1839 exhibeb03

177 1869 269 1893 nam
291 1855 322 1893 si
343 1856 438 1894 sciat
459 1864 592 1895 noster
612 1870 730 1895 senex
751 1858 870 1896 fidem
892 1871 972 1896 non
994 1870 1080 1895 esse
1100 1856 1192 1894 huic
1213 1856 1400 1903 habitam,

177 1929 413 1968 suscenseat,
437 1921 545 1971 quoii
566 1921 744 1960 omnium
766 1936 893 1960 rerum
916 1922 1022 1973 ipsus
1045 1935 1199 1971 semper
1219 1921 1353 1959 credit.

87 1987 158 2025 460
178 1986 247 2023 LE.
281 2000 361 2024 non
383 1986 514 2036 magni
535 1988 678 2037 pendo.
728 2001 778 2025 ne
798 1987 893 2033 duit,
918 1988 947 2026 si
971 2002 1050 2026 non
1074 1989 1167 2026 uolt.
1216 1987 1271 2025 sic
1293 1986 1376 2025 sine
1396 1995 1508 2025 astet.

177 2050 236 2087 LI.
269 2051 329 2097 da,
353 2051 526 2101 inquam.
586 2053 680 2099 uah,
705 2052 876 2091 formido
904 2053 1020 2091 miser
1050 2066 1100 2090 ne
1130 2052 1194 2090 hic
1223 2065 1286 2090 me
1315 2052 1383 2090 tibi
1412 2052 1508 2090 arbi·
1530 2068 1568 2101 55

1389 2125 1510 2156 tretur

217 2230 292 2258 441.
309 2231 372 2259 447
397 2221 448 2251 vel
463 2221 567 2261 opino
695 2232 759 2261 442
782 2232 884 2261 quom
903 2220 1108 2253 Lambinus:
1133 2233 1232 2261 quam
1249 2223 1316 2254 cod.
1442 2234 1507 2263 445

173 2263 253 2293 dare
285 2264 460 2294 Fleckeisen
593 2265 649 2294 vix
679 2265 720 2295 da
752 2266 928 2296 commoda
1127 2267 1192 2305 456
1216 2277 1275 2297 ero
1307 2267 1407 2299 Ima:
1430 2271 1507 2306 'ego

172 2340 236 2371 cod.
331 2314 545 2380 praesenttiem
567 2341 632 2372 cod.
655 2341 758 2372 (unde
775 2348 954 2381 praesente
975 2347 1009 2372 te
1025 2342 1096 2375 B'2:
1122 2343 1163 2374 iv.
1188 2344 1220 2384 Ι)
1360 2355 1425 2383 459
1448 2346 1504 2384 qui

170 2383 235 2414 cod.
256 2384 293 2422 (i.
314 2394 338 2415 1.
359 2386 395 2423 5)
497 2385 603 2415 credit
623 2384 856 2417 Camerarius:
881 2386 1023 2416 credidit
1040 2385 1104 2417 cod.
1249 2388 1308 2426 461
1336 2389 1420 2418 uahc
1438 2388 1503 2420 cod.

173 2427 226 2466 (cf
246 2427 309 2458 ahc
326 2430 382 2469 37>
