1727 2712
615 111 971 150 MENAECHMI
1388 109 1456 147 IV.
1481 108 1512 146 ii

129 223 244 260 ΜΕΝ.
281 235 349 271 per
384 223 522 260 Iouem
552 223 730 273 deosque
762 221 892 261 omnis
929 221 1079 269 adiuro,
1112 235 1207 260 uxor
1236 220 1353 272 (satin
1383 222 1461 260 hoe

1250 294 1310 325 est
1330 286 1400 325 tibi
1413 286 1458 337 ?),

128 365 191 390 me
217 350 279 389 isti
310 365 390 390 non
419 360 587 391 nutasse.
663 355 732 391 ΡΕ.
765 352 890 392 credit
916 352 994 391 iarn
1016 352 1086 391 tibi
1116 353 1167 391 de
1197 351 1328 390 ‘isti':
1368 351 1460 390 illuc

1363 415 1457 455 redi.

126 483 241 521 ΜΕΝ.
282 481 363 532 quo
402 496 475 532 ego
513 484 702 522 redeam?
786 485 855 522 PE.
891 483 1077 533 equidem
1111 483 1163 521 ad
1201 480 1458 533 phrygionem
1479 495 1519 527 55

928 562 1096 595 censeo3
1126 555 1164 586 et
1184 549 1327 598 pallam
1349 548 1456 585 refer.

126 614 241 650 MEN.
273 612 375 663 quae
402 613 521 651 istaec
549 615 652 664 palla
670 615 759 652 est?
828 615 897 652 ΡΕ.
929 620 1042 651 taceo
1062 612 1151 659 iam,
1173 613 1335 662 quando
1362 613 1460 650 haec

931 692 1010 716 rem
1033 692 1114 716 non
1135 677 1314 716 meminit
1334 690 1457 715 suam.

38 742 107 777 620
127 744 242 781 MEN.
274 743 460 793 numquis
481 757 684 782 seruorum
706 743 903 793 deliquit?
932 757 1027 782 num
1048 742 1213 782 ancillae
1240 750 1307 780 aut
1334 741 1460 781 seruei

1387 807 1457 846 tibi

123 876 387 923 responsant?
416 876 612 924 eloquere.
673 875 823 925 inpune
852 889 934 913 non
954 874 1035 913 erit.
1098 876 1182 913 MA.
1215 888 1337 924 nugas
1363 873 1455 924 agis,

124 939 239 976 MEN.
276 938 394 977 tristis
423 941 643 979 admodum
675 948 744 979 est.
804 953 886 978 non
915 939 1013 977 mihi
1041 938 1141 977 istuc
1172 938 1255 977 sati'
1276 940 1458 988 placet—

1105 1006 1188 1042 ΜΑ.
1222 1016 1343 1053 nugas
1363 1002 1454 1052 agis.

124 1070 238 1107 MEN.
270 1077 376 1108 certe
396 1070 644 1108 familiarium
665 1069 813 1120 aliquoi
834 1071 930 1108 irata
949 1083 1001 1107 es.
1062 1070 1146 1107 ΜΑ.
1170 1082 1292 1118 nugas
1312 1068 1403 1118 agis.
1479 1070 1522 1102 60

126 1136 240 1172 ΜΕΝ.
273 1148 370 1173 num
391 1135 489 1173 mihi
509 1149 550 1174 es
571 1135 668 1174 irata
688 1137 857 1174 saltem?
915 1136 999 1173 ΜΑ.
1031 1147 1138 1172 nune
1164 1140 1206 1171 tu
1228 1146 1309 1172 non
1335 1146 1458 1183 nugas

1364 1197 1457 1248 agis.

37 1267 102 1311 625
127 1267 241 1303 ΜΕΝ.
265 1279 346 1304 non
367 1267 511 1316 edepol
532 1265 681 1316 deliqui
702 1266 927 1316 quicquam.
989 1267 1071 1303 MA.
1104 1279 1167 1304 em
1198 1278 1330 1303 rusum
1353 1278 1458 1302 nunc

1222 1343 1343 1379 nugas
1364 1329 1456 1379 agis.

125 1397 239 1433 MEN.
277 1395 352 1442 dic,
391 1409 478 1434 mea
517 1409 623 1443 uxor,
660 1395 757 1446 quid
796 1395 866 1434 tibi
905 1409 1019 1446 aegre
1057 1397 1145 1434 est?
1226 1396 1295 1433 ΡΕ.
1333 1395 1458 1433 bellus

1156 1460 1355 1499 blanditur
1375 1459 1456 1499 tibi.

126 1528 240 1565 ΜΕΝ.
282 1526 393 1576 potin
428 1534 470 1565 ut
505 1526 601 1565 mihi
637 1528 825 1565 molestus
860 1540 910 1567 ne
944 1526 1026 1565 sis?
1073 1540 1167 1564 num
1203 1533 1241 1564 te
1274 1527 1460 1576 appello?

1040 1593 1123 1628 MA.
1155 1592 1263 1628 aufer
1284 1604 1456 1629 manum.

126 1658 193 1694 ΡΕ.
226 1656 281 1695 sie
301 1658 426 1695 datur.
486 1664 695 1707 properato
714 1664 878 1708 apsente
899 1670 962 1696 me
983 1670 1161 1695 comesse
1182 1656 1401 1705 prandium,
1478 1661 1520 1704 65

124 1729 212 1771 post
232 1729 323 1760 ante
343 1721 452 1760 aedis
473 1735 563 1760 cum
586 1736 732 1761 corona
753 1736 816 1760 me
837 1721 1017 1761 derideto
1037 1720 1178 1759 ebrius.

36 1789 106 1835 630
125 1788 242 1825 ΜΕΝ.
282 1801 412 1837 neque
452 1788 594 1838 edepol
629 1801 703 1837 ego
736 1786 876 1838 prandi
915 1800 1044 1837 neque
1084 1786 1203 1824 hodie
1242 1787 1319 1824 huc
1358 1786 1460 1825 intro

1172 1851 1281 1890 tetuli
1302 1853 1456 1902 pedem.

125 1919 192 1956 PE.
225 1925 295 1956 tun
324 1920 471 1968 negas?
542 1920 657 1956 ΜΕΝ.
691 1932 792 1969 nego
820 1920 950 1957 hercle
979 1932 1082 1957 uero.
1158 1920 1226 1956 PE.
1259 1917 1355 1955 nihil
1382 1918 1459 1956 hoc

1076 1982 1236 2021 homine
1257 1981 1456 2020 audacius.

123 2062 203 2087 non
225 2062 297 2098 ego
318 2056 356 2086 te
377 2049 498 2087 modo
520 2048 583 2087 hic
603 2056 695 2087 ante
714 2049 823 2088 aedis
844 2063 934 2088 cum
957 2062 1103 2087 corona
1123 2049 1243 2086 florea

122 2113 204 2152 uidi
224 2116 378 2152 astare?
407 2128 529 2164 quom
551 2114 722 2164 negabas
744 2113 839 2152 mihi
860 2128 945 2152 esse
966 2127 1105 2151 sanum
1128 2112 1297 2163 sinciput
1478 2124 1517 2159 70

167 2220 228 2258 617
254 2219 309 2250 isti
325 2218 400 2250 Ital.
421 2231 427 2249 z
452 2219 503 2249 isii
522 2219 588 2250 cod.
681 2219 758 2249 ‘isti
776 2219 784 2235 ⁷
811 2218 972 2258 (adverb.)
991 2217 1112 2248 Fr'ctdel
1133 2217 1171 2247 de
1185 2222 1295 2257 praep.
1320 2227 1350 2256 p.
1369 2226 1431 2256 527
1450 2228 1457 2247 ε

125 2262 199 2294 istis
216 2262 280 2294 cod.
300 2275 307 2294 ε
332 2263 397 2293 isto
413 2262 516 2292 Bothe
631 2263 694 2292 618
718 2273 781 2301 ego
799 2263 935 2293 redeam
953 2262 1001 2292 32
1019 2273 1024 2291 :
1052 2262 1231 2300 egredeam
1250 2260 1315 2291 cod.
1407 2260 1455 2301 et]

125 2305 134 2336 i
156 2307 215 2336 seii
237 2306 395 2337 Gruterus
413 2306 462 2345 (cf.
476 2305 613 2347 Sjo'greu
636 2305 746 2337 *Ρανὴ
767 2305 893 2345 Copzcl.’
906 2316 937 2345 p.
956 2306 1012 2344 85]
1148 2306 1212 2342 619
1236 2304 1371 2334 memini
1390 2303 1454 2335 cod.

125 2352 217 2389 (corr.
238 2350 301 2385 ΒΞ)
400 2351 465 2379 620
488 2350 575 2379 serui
604 2349 784 2379 Gruterus:
809 2354 924 2379 seruet
949 2348 1013 2379 cod.
1106 2349 1170 2378 622
1195 2358 1231 2378 es
1247 2347 1294 2377 Β*
1393 2348 1458 2386 625

124 2403 239 2425 rurum
257 2393 314 2424 cod.
457 2394 520 2432 632
546 2394 627 2423 ssora
643 2392 709 2424 cod.
730 2393 822 2434 (corr.
842 2392 905 2434 3²)
