1727 2712
649 102 909 145 EPIDICVS
1396 102 1442 143 V.
1464 101 1495 144 ii

119 214 188 252 ΕΡ.
222 211 292 252 tibi
313 227 463 252 moram
486 213 572 252 faci'
592 228 714 264 quom
738 229 812 265 ego
835 217 986 253 solutus
1009 223 1105 253 asto.
1166 228 1251 266 age,
1271 215 1444 266 inquam,
1469 230 1508 263 ²5

1281 280 1446 331 conliga.

119 345 186 382 ΡΕ.
205 350 244 381 at
258 343 354 381 mihi
372 343 484 393 magi’
499 344 607 382 lubet
621 345 792 382 solutum
811 351 848 382 te
864 343 1038 394 rogitare.
1083 346 1151 383 ΕΡ.
1174 352 1214 382 at
1227 344 1323 382 nihil
1338 344 1446 384 scies.

120 411 187 446 PE.
220 408 316 459 quid
346 411 448 459 ago?
510 411 581 447 ΑΡ.
615 409 710 459 quid
740 411 860 459 agas?
899 423 985 448 mos
1014 417 1177 459 geratur.
1249 411 1318 448 ΕΡ.
1351 409 1447 461 frugi

931 487 971 512 es
993 477 1034 512 tu
1055 475 1187 520 homo,
1211 474 1446 524 Apoecides.

118 540 185 576 ΡΕ.
223 539 324 578 cedo
354 552 493 577 manus
524 538 646 590 igitur.
727 541 795 577 ΕΡ.
830 546 1030 578 morantur
1061 539 1171 578 nihil.
1219 547 1338 590 atque
1368 547 1450 579 arte

1280 603 1446 656 conliga,

30 673 95 717 695
116 667 214 706 nihil
234 682 328 707 uero
348 667 460 720 (hoc)
479 669 727 708 obnoxiosse.
790 671 857 707 PE.
892 670 995 707 facto
1016 683 1134 719 opere
1154 668 1419 708 arbitramino.

118 734 187 771 ΕΡ.
220 734 322 772 bene
350 735 426 772 hoc
454 735 584 773 habet.
643 748 715 784 age
746 734 933 773 nunciam
962 748 1008 772 ex
1040 748 1102 772 me
1132 733 1305 784 exquire,
1325 734 1450 785 rogita
1469 751 1510 782 30

1196 799 1305 849 quod
1326 799 1445 838 lubet.

117 866 185 903 PE.
217 878 296 914 qua
316 864 461 903 fiducia
480 866 609 903 ausu’s
631 864 801 915 primum
823 877 924 914 quae
945 871 1113 914 emptast
1134 862 1417 910 nudiustertius

116 929 235 968 filiam
257 943 385 969 meam
407 931 537 968 dicere
557 931 672 968 esse?
730 932 799 968 ΕΡ.
833 929 960 968 lubuit
978 944 983 966 :
1014 943 1060 968 ea
1080 928 1234 968 fiducia.

116 995 184 1033 PE.
214 994 279 1033 ain
301 997 371 1033 tu?
400 995 556 1034 lubuit?
577 1002 582 1003 ⁷
615 997 683 1033 ΕΡ.
713 995 786 1033 aio.
828 996 892 1033 uel
913 995 963 1033 da
984 993 1136 1045 pignus,
1160 993 1199 1032 ni
1220 1008 1266 1033 ea
1286 993 1334 1032 sit
1355 992 1442 1032 filia.

30 1072 97 1108 700
117 1061 184 1098 PE.
208 1073 327 1110 quam
349 1068 464 1111 negat
485 1060 643 1099 nouisse
665 1062 816 1099 mater?
865 1061 935 1098 ΕΡ.
959 1059 998 1097 ni
1020 1073 1111 1110 ergo
1127 1058 1259 1098 matris
1282 1058 1359 1097 filia
1375 1065 1443 1105 est,

115 1124 155 1163 in
175 1138 309 1163 meum
331 1127 550 1171 nummum,
567 1125 606 1163 in
629 1132 738 1163 tuom
761 1126 952 1163 talentum
974 1124 1114 1175 pignus
1136 1125 1196 1162 da.
1248 1125 1316 1162 PE.
1340 1123 1445 1162 enim
1467 1136 1505 1168 35

1127 1188 1246 1227 istaec
1266 1187 1444 1239 captiost.

115 1252 184 1292 sed
206 1252 292 1302 quis
313 1260 396 1292 east
417 1252 585 1291 mulier?
644 1254 713 1291 ΕΡ.
747 1251 802 1290 tui
823 1251 930 1302 gnati
957 1251 1094 1298 amica,
1118 1259 1159 1289 ut
1180 1264 1340 1290 ornnem
1365 1264 1447 1289 rem

1335 1316 1444 1356 scias.

116 1385 184 1422 PE.
217 1384 339 1423 dedin
361 1383 431 1422 tibi
453 1383 578 1422 minas
601 1383 755 1434 triginta
776 1383 828 1421 ob
850 1383 1000 1421 filiam?
1058 1384 1127 1421 ΕΡ.
1151 1383 1274 1421 fateor
1295 1382 1406 1421 datas

115 1456 153 1488 et
174 1463 222 1488 eo
241 1457 402 1499 argento
422 1448 527 1487 illam
549 1462 612 1487 me
634 1448 775 1487 emisse
795 1447 963 1486 amicam
984 1447 1039 1486 fili
1060 1446 1260 1487 fidicinam

30 1528 94 1565 705
115 1527 186 1564 pro
207 1522 273 1553 tua
294 1514 395 1552 filia:
426 1513 456 1552 is
479 1522 516 1552 te
539 1514 715 1553 *taborei*
737 1512 843 1563 tetigi
865 1512 1021 1563 triginta
1040 1511 1167 1551 minis.

117 1581 184 1617 PE.
217 1580 421 1629 quomodo
442 1592 505 1617 me
525 1579 640 1617 ludos
661 1577 786 1617 fecisti
807 1579 857 1616 de
878 1577 942 1616 illa
962 1577 1212 1617 conducticia
1462 1595 1505 1625 40

116 1643 297 1683 fidicina!
356 1645 424 1682 ΕΡ.
458 1645 604 1682 factum
625 1644 756 1682 hercle
777 1656 871 1681 uero
892 1650 930 1681 et
951 1649 1054 1681 recte
1075 1643 1220 1681 facturn
1243 1641 1385 1682 iudico.

115 1709 185 1747 PE.
217 1708 313 1759 quid
346 1717 547 1760 postremo
580 1716 742 1759 argento
772 1709 918 1747 facturn
951 1715 1008 1746 est
1040 1708 1148 1758 quod
1180 1707 1302 1747 dedi?
1373 1709 1442 1746 ΕΡ.

1198 1772 1328 1811 dicam
1349 1772 1419 1811 tibi
1437 1788 1443 1810 :

115 1851 244 1889 neque
265 1840 369 1878 malo
390 1838 541 1877 homini
562 1852 692 1890 neque
712 1838 884 1890 benigno
906 1846 974 1877 tuo
994 1838 1087 1878 dedi
1109 1837 1368 1889 Stratippocli.

30 1910 97 1947 710
116 1904 184 1942 PE.
211 1917 284 1954 qur
303 1905 396 1942 dare
415 1905 574 1942 ausu’s?
632 1905 701 1942 ΕΡ.
728 1903 820 1954 quia
841 1903 893 1942 mi
921 1903 1089 1942 lubitum
1115 1910 1182 1942 est.
1244 1905 1311 1941 PE.
1342 1905 1442 1954 quae

831 1970 938 2015 haec,
963 1970 1121 2015 malum,
1144 1967 1443 2019 inpudentiast?

154 2072 215 2110 691
241 2071 321 2111 age]
354 2070 452 2110 alege
484 2071 517 2101 P
541 2071 609 2111 (aie
637 2071 795 2110 scriplum
827 2075 911 2106 erat;
949 2082 979 2103 v.
1007 2072 1041 2109 3)
1176 2072 1242 2111 692
1272 2069 1323 2101 vel
1346 2080 1442 2110 mage

110 2116 263 2154 694—707
284 2120 390 2154 pauca
415 2115 569 2155 leguntur
592 2115 626 2145 in
649 2114 682 2145 A
817 2116 880 2154 695
905 2115 969 2146 hoc
994 2114 1068 2145 add.
1098 2113 1195 2145 Goetz
1220 2113 1269 2154 (A
1289 2124 1321 2145 n.
1340 2114 1376 2153 l.)
1401 2114 1439 2154 cs.

111 2157 246 2196 Hasper
259 2158 305 2188 ad
322 2158 418 2199 Epid.
436 2160 604 2190 consectam.
711 2160 775 2198 699
799 2159 849 2189 vel
870 2158 936 2189 Ain
960 2164 994 2189 tu
1025 2156 1195 2189 ‘lubuit‘3
1263 2157 1320 2197 da]
1347 2157 1389 2188 ad
1412 2157 1446 2188 P

113 2202 160 2241 (ii.
177 2207 210 2241 7)
301 2207 373 2232 east
389 2201 592 2242 Brugmann
694 2212 751 2240 701
780 2203 884 2232 istaec
901 2202 987 2232 Brt'x
1001 2213 1006 2232 :
1032 2202 1095 2233 iste
1108 2201 1146 2242 P,
1161 2201 1193 2231 A
1208 2212 1238 2231 n.
1252 2200 1273 2232 I.
1380 2211 1442 2240 702

113 2255 183 2274 rem
200 2244 274 2276 add.
294 2244 433 2284 Pylades
452 2246 498 2285 (A
520 2257 540 2274 n
570 2245 608 2275 lm
709 2255 772 2284 703
796 2246 898 2276 diden
924 2245 958 2275 P
1053 2256 1115 2284 704
1141 2243 1198 2285 eo]
1218 2255 1282 2283 ego
1298 2244 1332 2274 A
1353 2246 1442 2284 (cum

112 2288 208 2329 PBD)
300 2298 361 2327 705
386 2289 414 2319 is
431 2295 463 2318 te
484 2289 643 2327 (Merula)
663 2289 704 2319 ob
721 2299 795 2319 eam
813 2299 883 2319 rem
900 2288 1014 2320 Goetz:
1042 2289 1105 2319 iste
1117 2287 1278 2319 aboreP:
1304 2289 1387 2328 istaa
1400 2307 1440 2311 -—

112 2332 144 2362 A
163 2331 264 2370 :sort.
287 2331 315 2362 is
336 2333 428 2363 fabre
447 2338 481 2363 te
586 2332 694 2363 minas
711 2332 743 2363 B
876 2335 939 2372 706
963 2332 1041 2363 ludo
1057 2331 1090 2363 P
1220 2342 1283 2371 710
1305 2342 1390 2371 quor
1406 2332 1438 2362 A

113 2375 179 2415 inp.
199 2386 265 2407 om.
284 2376 318 2406 P
