1727 2712
596 346 1018 395 PROLOGVS

137 499 295 538 Saluere
316 497 434 536 iubeo
455 506 694 548 spectatores
716 505 912 548 optumos„

138 563 276 601 Fidem
298 562 365 613 qui
386 562 511 601 facitis
533 564 813 610 maxumi,—et
834 576 906 601 uos
928 562 1056 601 Fides.

136 627 167 665 si
188 641 326 666 uerum
347 627 437 674 dixi,
462 627 616 677 signum
638 629 785 666 clarum
807 628 899 666 date
920 627 1028 675 mihi,

136 700 178 730 ut
198 706 270 730 uos
292 692 346 730 mi
367 705 451 731 esse
473 705 622 743 aequos
643 692 720 730 iam
742 692 835 731 inde
854 706 877 730 a
897 692 1091 742 principio
1113 691 1245 730 sciam.

97 769 114 805 5
136 757 203 807 qui
224 765 386 795 utuntur
407 757 501 795 uino
522 765 654 796 uetere
674 757 860 808 sapientis
882 766 979 807 puto

135 830 172 861 et
193 822 260 874 qui
282 823 462 862 lubenter
483 831 635 862 ueteres
656 830 834 874 spectant
855 823 1007 861 fabulas
1022 838 1032 870 ;

134 888 292 926 anticua
312 901 431 938 opera
453 896 491 926 et
512 888 633 926 uerba
654 901 776 938 quom
798 888 913 926 uobis
934 890 1103 938 placent,

133 967 304 1004 aequom
325 962 383 992 est
405 955 559 1004 placere
578 962 670 992 ante
690 953 820 1006 (alias)
840 962 991 992 ueteres
1012 953 1188 992 fabulas:

134 1034 226 1059 nam
248 1034 354 1060 nunc
375 1035 504 1060 nouae
526 1034 627 1072 quae
648 1022 845 1072 prodeunt
865 1019 1098 1059 comoediae

74 1100 116 1126 10
134 1089 260 1126 multo
280 1095 371 1126 sunt
392 1087 601 1138 nequiores
621 1099 740 1137 quam
762 1085 914 1124 nummi
935 1084 1040 1123 noui.

134 1166 206 1191 nos
227 1160 437 1204 postquam
460 1152 596 1204 populi
618 1165 772 1190 rumore
793 1150 1056 1190 intelleximus

131 1218 309 1257 studiose
330 1226 511 1269 expetere
532 1231 604 1256 uos
627 1216 827 1255 Plautinas
848 1217 1010 1262 fabulas,

132 1284 331 1324 anticuam
353 1285 450 1324 eiius
472 1285 627 1324 edimus
649 1282 910 1329 comoediam,

133 1362 252 1400 quam
273 1363 345 1389 uos
366 1350 560 1401 probastis
583 1349 649 1400 qui
671 1348 762 1387 estis
784 1347 822 1385 in
846 1346 1092 1395 senioribus3

74 1425 112 1462 15
133 1428 224 1453 nam
246 1415 443 1454 iuniorum
464 1416 532 1466 qui
553 1423 644 1454 sunt
664 1429 744 1453 non
766 1420 920 1459 norunt,
944 1412 1050 1459 scio3

132 1494 269 1519 uerum
291 1489 333 1519 ut
354 1489 595 1531 cognoscant
616 1480 799 1519 dabimus
820 1491 980 1528 operam
1002 1478 1153 1515 sedulo.

131 1547 229 1584 haec
250 1559 371 1596 quom
394 1546 563 1596 primum
584 1554 671 1584 acta
693 1553 761 1591 est,
786 1543 877 1582 uicit
899 1542 1027 1581 omnis
1049 1542 1211 1581 fabulas,

131 1624 177 1648 ea
197 1610 431 1661 tempestate
453 1612 524 1650 flos
546 1619 751 1662 poetarum
773 1609 854 1656 fuit,

132 1675 198 1725 qui
220 1689 326 1714 nunc
346 1676 526 1714 abierunt
548 1676 639 1714 hinc
662 1676 700 1713 in
722 1687 977 1713 communem
999 1674 1142 1711 locum.

70 1751 114 1775 20
132 1742 201 1779 sed
223 1748 354 1779 tamen
376 1749 558 1791 apsentes
581 1749 743 1791 prosunt
764 1739 870 1792 (pro)
890 1737 1171 1790 praesentibus.

132 1819 203 1844 uos
225 1805 353 1844 omnis
375 1819 493 1856 opere
514 1820 657 1856 magno
679 1819 764 1844 esse
785 1813 916 1844 oratos
938 1805 1031 1842 uolo

131 1870 301 1921 benigne
322 1878 364 1909 ut
385 1884 544 1921 operam
566 1871 666 1910 detis
687 1872 738 1910 ad
760 1879 936 1909 nostrum
958 1882 1126 1920 gregem.

131 1935 245 1974 eicite
266 1949 312 1974 ex
332 1935 466 1974 animo
487 1949 619 1974 curam
640 1944 760 1986 atque
780 1936 953 1974 alienum
975 1948 1040 1973 aes
1064 1949 1098 1982 *,

175 2039 294 2080 PROL]
315 2048 412 2070 mnas
428 2038 566 2070 Skutsch
588 2039 717 2077 (Rlzet'n.
748 2038 839 2070 Mus.
865 2049 916 2078 55,
945 2038 1022 2077 272)
1158 2048 1176 2068 2
1202 2043 1236 2068 et

1259 2036 1382 2078 (item)
1403 2046 1464 2067 uos

132 2082 279 2113 Ritschl:
314 2087 347 2113 et
373 2081 481 2125 (ego)
508 2093 568 2113 uos
596 2082 745 2121 Skutsch,
776 2083 907 2113 hiatum
939 2083 1074 2113 vitantes
1108 2081 1179 2112 (sed
1207 2082 1242 2120 cf.
1273 2080 1320 2110 ad
1347 2091 1374 2110 v.
1406 2081 1463 2119 23)

133 2137 151 2165 7
191 2126 394 2165 antiquaque
427 2126 562 2166 Seyffert
703 2127 724 2156 8
761 2127 845 2157 alias
876 2125 954 2158 add.
988 2126 1114 2156 Rz'tsclzl

1260 2134 1271 2153 I
1280 2134 1293 2154 1
1329 2133 1464 2154 rumore

133 2169 316 2209 Angelius:
351 2179 519 2200 rumorem
546 2169 610 2201 cod.
761 2180 798 2209 13
822 2171 992 2209 antiquam
1024 2167 1143 2211 (eam)
1169 2167 1307 2198 Mueller
1330 2166 1461 2207 (Rhein.

134 2211 224 2244 Mus.
251 2223 303 2252 54,
332 2214 412 2253 386)
554 2223 598 2243 20
622 2217 764 2253 prosunt
789 2212 896 2255 (pro)
919 2212 1053 2253 Seyffert
1069 2225 1075 2243 :
1109 2213 1215 2252 prode
1246 2215 1324 2241 sunt
1352 2209 1463 2240 Loewe

134 2266 176 2295 23
200 2256 312 2287 diicite
329 2256 381 2286 PE
400 2258 479 2297 (pro
495 2257 632 2287 deiicite
646 2257 672 2296 2)
762 2259 818 2288 vix
840 2262 909 2296 aes,
924 2267 1134 2296 quamquam
1145 2257 1195 2285 lzt'c
1203 2256 1362 2295 prologus
1379 2255 1460 2284 anti-

133 2301 289 2339 quitatem
299 2301 446 2340 afflctare
455 2300 582 2332 vtdetur
593 2301 646 2339 (cf.
660 2311 709 2331 vv.
723 2311 750 2340 7,
764 2311 802 2340 13
812 2305 840 2331 et
850 2311 962 2331 versus
971 2300 1111 2331 hiantes]
1124 2312 1128 2330 :
1149 2310 1206 2329 aes
1218 2298 1330 2339 <cit0>
1342 2297 1465 2328 Pradel

132 2342 170 2374 de
179 2348 290 2384 praep.
309 2354 339 2383 p.
359 2353 422 2384 534
512 2355 552 2374 ex
578 2345 690 2374 animo
708 2355 805 2375 curas
823 2349 924 2384 atque
943 2345 1089 2375 alienum
1107 2354 1165 2374 aes
1178 2343 1276 2373 eicite
1294 2342 1420 2373 Schoell

1489 1093 1528 1116 10

1485 1425 1524 1456 15

1485 1749 1525 1772 20
