1727 2702
164 83 232 122 IV.
253 83 282 121 ii
670 84 717 122 T.
750 84 930 124 MACCI
961 84 1164 124 PLAVTI

254 210 332 247 qua
346 196 494 247 aufugit
508 198 704 247 quaedam
726 209 745 230 *
767 196 913 236 -aesti0.
961 195 1073 248 (LA.)
1084 196 1180 247 quid
1201 196 1270 236 id?
1290 197 1479 248 quidnam
1493 199 1581 238 est?
1598 204 1667 244 725

192 265 235 295 60
257 263 336 299 HA.
367 261 540 300 alienum
559 259 790 312 <concinnat
811 259 977 314 malurn)
995 269 1034 300 et
1054 275 1271 301 maerorem
1292 261 1532 302 familiarem.
1694 263 1697 267 ’

255 327 324 364 LA.
359 328 461 364 mala
490 339 602 373 mers,
631 340 709 373 era,
736 327 834 364 haec
868 334 906 364 et
939 326 1081 365 callida
1111 334 1180 366 est.
1240 327 1314 365 ΡΗ.
1346 334 1498 366 ecastor
1528 326 1582 366 ita
1674 281 1698 407 ξ

1413 392 1578 432 uidetur.
1678 420 1695 463 Α

255 457 324 494 LA.
349 455 521 495 imitatur
533 469 704 507 nequam
720 455 885 495 bestiam
900 464 938 495 et
951 455 1214 495 damniticam.
1256 459 1330 496 ΡΗ.
1354 470 1579 508 quemnam,

454 520 458 528 ’
1408 522 1583 561 amabo?
1681 517 1694 553 Τ

256 587 324 623 LA.
357 585 615 633 inuoluolum,
638 600 740 636 quae
761 586 800 624 in
821 585 997 637 pampini
1019 586 1114 626 folio
1132 585 1277 625 intorta
1296 586 1470 637 implicat
1490 600 1556 626 se:
1680 573 1693 635 ἶ

253 650 389 689 itidem
410 652 508 689 haec
527 650 726 689 exorditur
745 650 820 689 sibi
840 651 1024 690 intortam
1045 650 1274 690 orationem.
1598 655 1689 702 730]

191 717 231 759 65
253 715 349 765 quid
365 715 588 766 quaeritas?
628 717 708 754 HA.
732 715 922 754 cistellula
937 715 1029 754 hinc
1050 715 1115 762 mi,
1131 717 1377 764 adulescens,
1393 715 1576 756 euolauit.
1671 719 1679 771 ς’

253 781 323 818 LA.
357 779 396 818 in
431 794 594 819 caueam
628 781 746 818 latam
781 780 965 830 oportuit.
1041 781 1122 819 HA.
1153 793 1234 819 non
1263 781 1406 830 edepol
1435 781 1580 831 praeda

1426 859 1576 896 magna.

253 912 322 949 LA.
356 910 496 949 mirum
517 910 613 961 quin
633 924 725 961 grex
745 910 944 949 uenalium
966 909 1006 948 in
1027 911 1177 949 cistella
1196 909 1352 949 infuerit
1371 923 1459 948 una.

253 978 326 1014 ΡΗ.
349 976 432 1015 sine
453 975 568 1015 dicat.
628 977 699 1014 LA.
723 975 754 1014 si
775 976 880 1015 dicat
899 975 1073 1026 quide'm.
1132 978 1207 1014 ΡΗ.
1229 990 1300 1026 age
1320 977 1480 1026 loquere
1502 973 1577 1028 [tu]

1216 1041 1312 1092 quid
1336 1040 1390 1080 ibi
1410 1040 1576 1080 insuerit.

256 1107 334 1144 HA.
367 1106 582 1156 crepundia
606 1120 694 1144 una.
755 1107 825 1144 LA.
848 1114 907 1145 est
927 1106 1088 1157 quidam
1109 1107 1232 1145 homo
1251 1105 1318 1157 qui
1339 1105 1444 1144 illam
1464 1105 1518 1144 ait
1538 1119 1580 1144 se
1599 1113 1665 1151 735

1319 1170 1416 1210 scire
1432 1170 1499 1209 ubi
1519 1170 1578 1209 sit.

195 1245 233 1278 70
255 1236 335 1272 HA.
367 1243 406 1273 at
427 1236 492 1285 pol
514 1235 577 1274 ille
597 1250 620 1274 a
639 1237 812 1286 quadam
834 1236 1007 1284 muliere,
1030 1236 1060 1275 si
1081 1250 1168 1276 eam
1197 1243 1397 1283 monstret,
1418 1235 1579 1286 gratiam

1464 1299 1578 1338 ineat.

253 1366 322 1403 LA.
354 1373 393 1404 at
423 1364 496 1404 sibi
527 1365 591 1404 ille
619 1365 782 1416 quidam
812 1367 895 1404 uolt
924 1365 1007 1405 dari
1037 1367 1271 1405 mercedem.
1332 1367 1412 1403 ΗΑ.
1444 1372 1484 1403 at
1514 1365 1580 1415 pol

1286 1429 1352 1468 illa
1371 1430 1578 1480 quaedam,

251 1507 352 1544 quae
373 1494 479 1533 illam
500 1494 690 1533 cistellam
713 1494 894 1545 perdidit,
917 1495 1107 1545 quoidam
1128 1503 1244 1545 negat
1264 1508 1350 1533 esse
1369 1494 1478 1544 quod
1497 1494 1576 1533 det.

251 1560 322 1596 LA.
354 1566 393 1597 at
423 1559 528 1597 enim
560 1559 623 1598 ille
658 1559 820 1610 quidam
860 1558 1037 1611 o<peram
1070 1560 1217 1598 bonam
1257 1557 1398 1611 magis)
1434 1557 1579 1609 expetit

1219 1637 1338 1675 quam
1361 1631 1576 1674 argentum.

255 1690 335 1727 HA.
367 1697 405 1727 at
426 1691 492 1739 pol
513 1689 565 1727 illi
586 1689 775 1739 quoidam
797 1689 948 1728 mulieri
970 1691 1076 1728 nulla
1095 1702 1214 1740 opera
1233 1688 1398 1739 gratuita
1416 1695 1485 1727 est.
1599 1703 1667 1738 740

194 1764 233 1800 75
255 1756 328 1791 ΡΗ.
361 1754 576 1792 commodo
596 1755 754 1804 loquela
774 1761 840 1792 tua
861 1753 931 1792 tibi
956 1767 1061 1792 nunc
1082 1755 1235 1803 prodes.
1295 1754 1528 1792 confitemur

251 1817 440 1856 cistellam
463 1818 617 1856 habere.
679 1819 759 1856 HA.
791 1825 831 1856 at
852 1832 924 1857 uos
945 1819 1056 1857 Salus
1077 1817 1282 1857 seruassit!
1327 1817 1394 1856 ubi
1409 1830 1456 1856 ea
1475 1831 1581 1856 nunc

1492 1890 1550 1921 est
1564 1884 1582 1921 ?

252 1950 324 1986 ΡΗ.
357 1950 506 1987 saluam
523 1962 668 1987 eccam.
728 1950 798 1988 sed
812 1962 886 1999 ego
901 1962 983 1988 rem
997 1961 1125 1987 meam
1142 1961 1323 1998 magnam
1337 1945 1578 1986 confabulari

296 2063 357 2092 725
381 2052 430 2083 vel
455 2053 558 2084 aestie
588 2053 670 2083 lPFv
699 2053 764 2084 cod.
917 2053 980 2092 726
1004 2052 1109 2093 suppl.
1145 2050 1277 2092 Schoell,
1311 2049 1377 2082 Leo
1518 2050 1581 2089 728

252 2097 433 2128 maleficam
460 2096 550 2127 codd.
576 2096 697 2127 Isidori
720 2096 813 2137 Orig.
844 2107 891 2131 12.
919 2107 948 2136 5,
976 2107 998 2135 9
1085 2096 1165 2135 quin
1188 2105 1263 2126 narn
1283 2094 1350 2126 cod.
1375 2099 1451 2135 (pro
1473 2103 1578 2133 quen-

253 2150 326 2170 narn
340 2141 366 2177 ἶ)
504 2150 560 2180 73¹
589 2139 752 2170 cistellam
779 2139 845 2171 cod.
866 2145 942 2180 (pm
963 2138 1104 2172 cistella.
1119 2139 1138 2170 ι’.
1154 2150 1180 2170 e.
1198 2138 1399 2178 cistelulal‘),
1420 2136 1506 2168 unde
1519 2136 1580 2167 cis-

250 2183 328 2214 tella
347 2183 389 2214 mi
409 2184 439 2216 h.
457 2183 596 2224 Seyffi»rt
684 2184 736 2214 hic
755 2182 821 2214 cod.
843 2183 937 2224 <hinc
949 2182 992 2222 J>
1113 2192 1173 2222 734
1198 2187 1233 2213 tu
1250 2180 1308 2212 del.
1329 2179 1394 2211 Leo
1483 2179 1580 2210 inerit

250 2226 376 2257 Schoell
501 2228 563 2266 736
587 2226 636 2257 vel
651 2227 778 2257 mulieri
894 2237 957 2266 739
980 2227 1057 2266 quoi
1077 2227 1174 2257 darno
1193 2225 1276 2262 (·mu
1291 2224 1318 2265 ².)
1334 2228 1410 2255 ante
1424 2224 1580 2254 lamnam

250 2270 313 2301 cod.
333 2282 340 2301 ε
369 2271 473 2311 suppl.
503 2270 639 2310 Seyffert
726 2280 824 2309 quam
848 2274 1026 2306 argentum
1045 2269 1175 2309 expetit
1192 2280 1199 2299 ε
1223 2269 1294 2299 trm'.
1314 2266 1402 2298 Lm:
1426 2278 1456 2306 q.
1473 2277 1501 2298 a.
1522 2276 1580 2296 ex-

250 2314 392 2352 petessit
411 2313 545 2354 Sryffert
634 2324 697 2352 740
721 2314 855 2352 quidam
873 2312 937 2343 cod.
1059 2322 1116 2352 74¹
1145 2311 1318 2342 commoda
1335 2310 1363 2349 J
1449 2309 1581 2348 loquela

253 2356 389 2387 Rcdslob
409 2357 520 2388 (mter.
541 2356 712 2388 Centralbl.
736 2358 827 2396 1895,
846 2367 876 2396 p.
896 2357 1012 2396 1761):
1040 2354 1208 2394 loquelam
1226 2353 1292 2385 cod.
1370 2351 1580 2384 commodule

251 2401 414 2439 quaedam
433 2399 497 2431 Leo
587 2399 659 2441 tua]
678 2405 712 2430 tu
733 2399 871 2440 Ussing:
885 2400 967 2439 sort.
989 2399 1051 2429 tut’
1143 2398 1292 2438 prodens
1309 2396 1374 2430 cod.
