1727 2702
157 100 223 143 1.i
628 100 674 142 T.
711 103 889 144 MACCI
922 101 1124 142 PLAVTI

208 216 276 252 ΡΑ.
309 213 503 264 numquid
525 221 565 252 tu
587 214 695 264 quod
717 220 754 252 te
774 220 841 252 aut
861 226 1002 263 genere
1023 212 1228 263 indignum
1249 211 1298 252 sit
1317 219 1387 253 tuo

207 279 302 318 facis
321 287 388 318 aut
412 278 588 329 inceptas
608 277 758 317 facinus
779 279 916 325 facere,
940 278 1218 317 Phaedrome?

145 354 184 387 ²5
208 358 304 383 num
326 352 366 383 tu
389 343 556 394 pudicae
577 342 779 394 quoipiam
800 342 961 381 insidias
981 343 1087 381 locas
1558 352 1602 393 23

203 417 272 448 aut
294 422 412 459 quam
434 407 618 458 pudicam
641 414 795 458 oportet
815 408 930 445 esse?
986 408 1060 445 PH.
1093 405 1240 445 nemini
1258 421 1267 454 ;

202 488 274 513 nec
297 488 360 513 me
382 473 445 512 ille
465 472 547 511 sirit
569 471 745 523 Iuppiter
763 475 768 510 !
829 473 896 509 ΡΑ.
928 485 1001 522 ego
1022 471 1115 510 item
1137 473 1240 511 uolo.

204 539 257 578 ita
278 547 388 578 tuom
410 539 587 577 conferto
608 551 738 576 amare
759 550 923 587 semper,
947 536 978 575 si
1000 536 1115 587 sapis,

205 617 254 642 ne
276 603 315 642 id
337 603 445 653 quod
464 615 572 641 ames
594 603 763 652 populus
783 600 814 639 si
835 600 942 648 sciat,
965 600 1035 640 tibi
1056 600 1105 639 sit
1126 601 1279 651 probro.

144 684 184 714 30
205 681 360 718 semper
380 674 514 706 curato
536 680 585 705 ne
605 665 656 704 sis
678 664 922 704 intestabilis.
1558 680 1604 715 30

208 735 280 771 ΡΗ.
313 731 409 783 quid
430 732 529 770 istrie
550 739 608 770 est
629 730 771 769 uerbi?
829 731 897 768 ΡΑ.
930 737 1044 768 caute
1065 737 1106 768 ut
1128 729 1286 769 incedas
1308 729 1394 768 uia:
1558 743 1603 779 32

205 799 315 849 quod
336 811 444 836 amas
465 804 597 836 amato
619 795 784 835 testibus
805 795 1090 846 praesentibus.
1559 811 1598 847 31

208 866 280 902 Pu.
312 862 408 914 quin
438 864 529 901 leno
558 861 622 901 hic
652 860 813 900 habitat.
874 862 942 898 ΡΑ.
975 873 1094 899 nemo
1124 859 1215 899 hinc
1250 859 1431 910 prohibet
1465 873 1539 899 nec

1430 932 1540 964 uotat

205 994 301 1045 quin
323 994 430 1044 quod
451 994 582 1044 palam
603 1000 660 1032 est
681 992 834 1039 uenale,
855 990 886 1029 si
907 998 1110 1042 argentum
1132 997 1201 1039 est,
1224 1003 1343 1030 emas.

144 1071 184 1104 35
205 1073 324 1099 nemo
345 1059 398 1098 ire
419 1072 659 1109 quemquam
681 1056 839 1108 publica
863 1055 1045 1107 prohibet
1066 1056 1131 1095 uia
1146 1071 1156 1104 3
1560 1064 1602 1104 35

203 1126 299 1164 dum
321 1138 371 1163 ne
391 1138 459 1175 per
479 1125 646 1162 fundum
667 1130 847 1173 saeptum
867 1121 986 1160 facias
1007 1121 1199 1170 semitam,

203 1191 300 1229 dum
322 1190 389 1228 ted
409 1188 604 1240 apstineas
625 1195 758 1237 nupta,
782 1186 913 1232 uidua,
937 1185 1098 1237 uirgine,

207 1254 412 1293 iuuentute
433 1261 471 1292 et
491 1253 621 1304 pueris
641 1251 783 1298 liberis,
806 1264 895 1290 ama
915 1252 1133 1301 quidlubet.

211 1321 284 1357 PH.
317 1318 470 1358 lenonis
491 1319 565 1358 hae
586 1326 677 1357 sunt
697 1319 826 1356 aedes.
891 1319 959 1354 ΡΑ.
993 1317 1094 1354 male
1114 1315 1196 1354 istis
1217 1317 1383 1354 euenat!

147 1398 189 1428 40
212 1386 284 1422 PH.
317 1383 417 1434 qui?
474 1385 542 1421 ΡΑ.
574 1382 666 1434 quia
686 1384 891 1422 scelestam
912 1381 1140 1421 seruitutem
1161 1379 1346 1419 seruiunt.
1558 1391 1606 1426 40

210 1451 283 1487 PH.
315 1449 542 1499 obloquere.
603 1450 671 1486 ΡΑ.
704 1449 770 1486 fiat
791 1448 1120 1486 maxume-PH.
1150 1445 1267 1484 etiam
1289 1445 1426 1484 taces?

209 1516 277 1553 ΡΑ.
310 1527 453 1564 nempe
474 1513 637 1564 obloqui
659 1527 722 1552 me
743 1513 918 1552 iusseras.
980 1513 1053 1550 PH.
1085 1518 1124 1549 at
1145 1523 1250 1548 nunc
1271 1518 1376 1549 uoto.

210 1579 262 1617 ita
283 1579 336 1617 uti
359 1577 496 1629 occe'pi
516 1578 647 1617 dicere
667 1593 673 1615 :
703 1577 737 1617 ei
758 1577 941 1616 ancillula
961 1584 1029 1614 est.

212 1645 279 1682 ΡΑ.
312 1657 455 1694 nempe
476 1643 567 1682 huic
588 1642 720 1682 lenoni
741 1642 808 1692 qui
829 1642 892 1680 hic
914 1641 1092 1680 habitat?
1150 1641 1222 1678 PH.
1247 1647 1350 1678 recte
1371 1647 1492 1679 tenes.

147 1723 187 1753 45
212 1711 277 1746 Px.
312 1709 430 1747 minu’
451 1707 684 1755 formidabo,
707 1721 756 1746 ne
777 1707 941 1746 excidat.
1002 1707 1074 1743 PH.
1107 1704 1268 1744 odiosus
1289 1718 1340 1743 es.
1558 1710 1601 1748 45

207 1787 293 1813 eam
316 1774 398 1812 uolt
420 1773 662 1812 meretricem
683 1773 819 1811 facere.
879 1771 924 1810 e'a
946 1784 1008 1809 me
1028 1769 1190 1820 deperit,

208 1853 281 1890 ego
300 1847 430 1877 autem
453 1851 543 1876 cum
566 1837 629 1876 illa
648 1838 775 1876 facere
796 1837 889 1875 nolo
910 1843 1100 1874 mutuom.

211 1906 277 1941 ΡΑ.
311 1903 405 1953 quid
424 1902 475 1941 ita
491 1904 507 1940 ?
556 1903 628 1940 ΡΗ.
659 1901 751 1952 quia
767 1901 965 1951 proprium
985 1900 1085 1938 facio
1103 1914 1109 1936 :
1138 1912 1229 1937 amo
1247 1897 1387 1948 pariter
1403 1897 1529 1936 simul.

211 1971 278 2007 ΡΛ.
312 1969 426 2006 malu’
447 1966 714 2005 clandestinus
735 1974 793 2005 est
813 1978 934 2012 amor,
957 1965 1184 2003 damnumst
1206 1976 1367 2001 merum.

255 2082 294 2111 23
320 2071 437 2111 generi
457 2071 523 2102 cod.
660 2072 702 2101 26
725 2080 800 2101 csse
823 2074 956 2109 oportet
976 2067 1066 2099 cod.:
1092 2068 1164 2098 tras.
1191 2065 1330 2106 Pylades
1348 2067 1400 2106 ms.
1414 2066 1536 2104 Journ-

211 2115 298 2146 Phil.
323 2116 375 2152 26,
408 2116 486 2153 2955
641 2124 679 2153 27
706 2114 780 2144 sirit
816 2111 986 2143 Muretus:
1025 2111 1104 2142 sinit
1127 2109 1193 2141 cod.
1344 2119 1386 2148 32
1409 2113 1484 2150 post
1498 2119 1536 2149 3¹

210 2158 278 2190 cod.
318 2159 367 2199 (ii.
403 2160 462 2188 61:
505 2158 704 2198 transposuit
730 2157 833 2188 Bothe
987 2164 1024 2193 3¹
1062 2158 1173 2184 amato
1200 2153 1430 2185 Cameran‘us:
1464 2162 1540 2183 ama

211 2202 278 2234 cod.
412 2212 454 2241 33
480 2202 556 2232 hinc
584 2201 657 2232 Ital.
679 2211 686 2230 :
721 2200 796 2231 huic
820 2199 904 2240 (Ptx
932 2209 976 2229 an
1004 2198 1057 2229 hic
1081 2196 1141 2230 (Β)
1170 2197 1274 2228 inccrt.
1299 2195 1366 2227 cod.
1498 2197 1542 2234 36

213 2246 309 2277 saciat
335 2245 503 2276 Fleckeisen
636 2254 678 2283 43
702 2244 747 2274 ita
771 2243 945 2273 Muretus:
970 2242 1002 2272 id
1027 2240 1116 2272 cod.:
1141 2240 1201 2271 sed
1222 2240 1267 2270 ita
1289 2239 1368 2270 Reiz
1498 2250 1539 2278 44

214 2290 315 2320 habet
333 2288 435 2319 Bothe
566 2297 607 2326 45
631 2287 767 2318 excidat
790 2285 1003 2318 Lambinus:
1039 2284 1162 2315 exedat
1186 2282 1252 2314 cod.
1282 2284 1360 2321 (pm
1383 2282 1536 2319 excedat,

211 2333 350 2405 (pasqua
371 2331 618 2372 orthographia)
751 2331 795 2369 46
817 2328 895 2372 (at)
918 2339 958 2360 ea
982 2327 1166 2366 Fleckeisen,
1191 2327 1243 2357 cm'
1256 2326 1366 2357 hiatus
1383 2326 1416 2356 in
1429 2331 1540 2366 pausa

210 2387 220 2405 c
233 2376 282 2415 iss»
296 2376 350 2406 r'cet
