1727 2702
189 95 221 133 Ι.

181 221 220 244 ιο
240 213 366 246 tacere
389 221 543 258 nequeo
564 208 703 248 misera
723 211 833 260 quod
855 209 974 250 tacito
996 223 1089 248 usus
1108 207 1196 262 est].

178 544 214 576 15
235 546 336 582 quae
357 546 472 584 saepe
494 547 650 573 mecum
671 535 912 574 mentionem
934 536 1087 582 fecerat,

173 871 213 893 20
232 866 443 910 postquam
464 873 550 899 eam
574 863 744 911 puellam
765 876 789 901 a
810 863 902 902 med
921 862 1085 913 accepit,
1108 861 1199 901 ilico

172 1196 208 1228 25

162 1553 207 1590 iii

242 96 271 134 ii
649 101 695 139 T.
730 102 910 142 MACCI
945 100 1148 140 PLAVTI

237 271 415 322 Sicyone,
439 286 596 313 summo
615 288 757 324 genere
773 289 782 323 ;
811 275 846 314 ei
868 275 966 314 uiuit
987 282 1105 325 pater.
1586 290 1654 328 130
1683 252 1698 344 ξ

237 335 268 375 is
288 350 421 376 amore
442 338 581 378 misere
602 341 704 378 hanc
724 340 876 391 deperit
897 339 1177 385 mulierculam,
1684 345 1699 394 j

237 414 337 451 quae
351 401 443 441 hinc
458 404 682 442 modoflens
695 404 800 443 abiit.
828 412 1106 444 contraamore
1119 418 1209 443 eum
1227 405 1324 444 haec
1337 404 1563 456 perditaest.
1641 423 1643 426 ⁴
1685 394 1698 427 fi

235 480 321 506 eam
345 481 455 507 meae
475 481 548 519 ego
567 469 717 509 amicae
737 471 846 510 dono
866 470 958 510 huic
978 469 1169 508 meretrici
1189 469 1295 518 dedi,
1683 434 1698 582 ἲ

234 612 398 649 puerum
418 608 485 639 aut
505 602 675 650 puellam
695 601 879 641 alicunde
899 609 941 640 ut
961 600 1167 652 reperirem
1189 600 1275 648 sibi,
1586 613 1648 650 135
1687 601 1694 647 ξ

234 677 369 702 recens
390 673 537 713 natum,
561 679 677 716 eapse
699 667 808 717 quod
829 666 903 706 sibi
924 673 1173 717 supponeret.
1686 657 1693 680 ³

233 728 301 768 ubi
323 729 416 767 mihi
438 738 610 780 potestas
632 731 801 781 primum
822 731 966 779 euenit,
988 731 1079 771 ilico

233 793 307 833 feci
327 794 424 833 eiius
445 795 479 834 ei
500 797 609 846 quod
632 811 694 836 me
716 797 841 836 orauit
863 797 1028 848 copiam.

231 926 399 964 eandem
421 927 591 975 puellam
614 927 763 978 peperit
785 941 903 978 quam
924 941 947 966 a
967 941 1030 967 me
1050 935 1270 978 acceperat,
1585 938 1651 972 140

231 989 315 1029 sine
335 990 553 1041 opstetricis
575 1005 694 1042 opera
714 1000 752 1031 et
773 992 857 1031 sine
877 992 1091 1040 doloribus,

230 1055 322 1094 item
345 1063 387 1094 ut
406 1055 505 1096 aliae
526 1056 692 1108 pariunt,
719 1072 820 1108 quae
845 1059 992 1097 malum
1013 1065 1207 1108 quaerunt
1226 1056 1311 1098 sibi.

230 1134 321 1159 nam
341 1129 557 1161 amatorem
578 1122 684 1161 aibat
706 1136 791 1162 esse
812 1122 1058 1173 peregrinum
1079 1122 1152 1162 sibi

231 1185 624 1238 suppositionemque
648 1187 744 1227 eiius
767 1189 894 1227 facere
913 1187 1043 1238 gratia.

230 1250 269 1290 id
290 1252 392 1290 duae
413 1265 484 1291 nos
505 1253 612 1291 solae
635 1252 790 1299 scimus,
817 1266 890 1303 ego
912 1266 1014 1303 quae
1035 1252 1087 1291 illi
1108 1252 1202 1292 dedi
1584 1261 1645 1298 145

228 1324 266 1354 ct
287 1315 351 1355 illa
371 1331 472 1368 quae
493 1331 516 1356 a
537 1331 599 1356 me
621 1317 984 1369 accepit—praeter
1004 1331 1076 1357 uos
1096 1318 1269 1368 quidem.

228 1382 324 1420 haec
345 1381 399 1421 sic
420 1396 480 1421 res
500 1390 608 1433 gesta
629 1390 698 1422 est.
759 1382 789 1421 si
811 1382 907 1433 quid
929 1396 1021 1421 usus
1042 1383 1206 1430 uenerit,

229 1446 452 1486 meminisse
473 1461 546 1498 ego
567 1449 670 1486 hanc
691 1461 771 1486 rem
795 1461 866 1486 uos
888 1449 990 1487 uolo.
1049 1461 1123 1498 ego
1142 1448 1244 1487 abeo
1264 1448 1496 1488 domum.—

751 1557 1042 1593 Avlelvnr

227 1640 300 1676 Αν.
334 1640 554 1689 Vtrumque
576 1640 684 1686 haec,
708 1646 746 1677 et
769 1638 1002 1689 multiloqua
1021 1646 1059 1677 et
1081 1636 1298 1685 multibiba,
1317 1645 1374 1677 est
1394 1650 1502 1677 anus.

226 1703 324 1742 satin
347 1705 411 1742 uix
431 1703 586 1754 reliquit
607 1705 684 1743 deo
707 1704 816 1754 quod
838 1705 1061 1754 loqueretur
1080 1702 1168 1750 loci,
1580 1714 1646 1750 150

226 1768 278 1807 ita
299 1769 520 1819 properauit
541 1770 591 1809 de
613 1771 766 1820 puellae
789 1768 969 1820 proloqui

227 1835 506 1885 suppositione.
568 1837 677 1886 quod
699 1836 729 1874 si
754 1834 947 1881 tacuisset,
971 1842 1102 1873 tamen

226 1914 299 1951 ego
319 1915 423 1940 eram
446 1901 630 1948 dicturus,
659 1903 758 1948 deu’,
785 1900 851 1951 qui
874 1907 1049 1950 poteram
1071 1898 1236 1950 planius

228 1979 317 2003 narn
340 1965 433 2004 mihi
457 1966 612 2005 Auxilio
635 1974 692 2005 est
716 1979 871 2005 nornen.
932 1978 1037 2003 nunc
1057 1978 1215 2015 operam
1237 1964 1339 2010 date,

226 2037 268 2068 ut
288 2044 361 2080 ego
380 2040 653 2082 argumentum
680 2033 755 2070 hoc
777 2030 890 2069 uobis
912 2031 1027 2080 plane
1048 2036 1263 2080 perputem.
1580 2036 1640 2073 155

226 2095 332 2134 fuere
353 2095 509 2146 Sicyoni
532 2096 608 2135 iam
631 2096 697 2134 diu
724 2094 922 2145 Dionysia.

275 2209 331 2238 ¹32
357 2201 492 2240 perdita
511 2199 580 2239 est]
596 2199 772 2239 deperitA
906 2208 964 2237 ¹34
992 2197 1109 2229 fvt-crit
1127 2197 1165 2233 P,
1183 2198 1214 2228 A
1229 2208 1260 2228 n.
1274 2197 1294 2228 Ι.
1426 2199 1485 2237 138
1508 2196 1559 2229 vel

228 2245 303 2274 med
392 2255 449 2282 ¹44
470 2243 738 2284 suppositionem
752 2243 825 2273 eius
843 2241 889 2272 rei
908 2242 941 2272 Ρ
1032 2251 1090 2280 ¹45
1109 2240 1234 2272 scimus
1244 2241 1333 2284 solag-
1345 2241 1377 2271 A
1474 2243 1534 2279 ¹⁴5
1549 2260 1551 2262 -

228 2297 291 2325 232
307 2285 390 2317 deest
406 2288 437 2317 A
580 2297 640 2326 ¹50
664 2286 729 2324 logi
747 2285 884 2325 Seyffert
1020 2295 1076 2324 ¹54
1103 2290 1153 2315 cst
1178 2284 1314 2316 Auxilio
1333 2285 1551 2323 Camerarius,

229 2330 404 2362 cuihr'atus
422 2330 502 2361 mihi
524 2330 530 2372 Ι
549 2329 613 2362 Au.
632 2329 771 2370 displicet
