1727 2702
188 87 242 125 11.
265 87 294 124 ii
672 89 718 126 T.
753 89 934 129 MACCI
968 90 1171 128 PLAVTI

264 199 334 238 sed
355 201 492 237 eccum
517 201 826 238 Menaechmum
848 199 978 240 uideo.
1038 215 1112 240 uae
1132 208 1241 253 tergo
1260 203 1375 242 meo!
1611 193 1686 257 πῄ

263 263 369 314 prius
390 264 467 302 iam
487 264 681 303 conuiuae
701 265 907 304 ambulant
926 273 1018 305 ante
1038 266 1183 306 ostium

224 342 241 373 5
261 343 380 380 quarn
402 343 475 380 ego
495 338 690 380 opsonatu
712 332 841 370 redeo.
899 331 1021 372 adibo
1039 340 1159 383 atque
1178 333 1380 384 adloquar.

262 396 537 442 Menaechme,
561 397 679 435 salue.
740 397 855 435 MEN.
888 396 929 436 di
949 404 987 436 te
1006 397 1198 436 amabunt
1218 397 1396 449 quisquis
1413 395 1501 450 (es).
1558 397 1561 399 ’

211 499 213 501 ,
262 461 333 500 Cv.
366 460 544 511 quisquis
603 475 621 496 *
735 474 753 495 *
867 476 885 497 *
941 461 1066 515 (quis)
1084 476 1158 514 ego
1177 462 1282 502 sim?

264 527 380 564 ΜΕΝ.
412 540 492 565 non
515 527 645 565 hercle
666 540 771 566 uero.
831 528 902 567 Cv.
935 527 1004 567 ubi
1025 527 1220 567 conuiuae
1240 527 1388 567 ceteri?
1578 550 1579 559 κ
1612 529 1681 574 2801

264 591 380 630 MEN.
412 604 513 642 quos
534 599 575 630 tu
596 591 787 631 conuiuas
808 591 962 643 quaeris
975 595 993 631 ?
1048 594 1119 633 Cv.
1152 593 1365 644 parasitum
1386 600 1508 632 tuom.
1667 592 1668 595 ’

207 671 244 693 ιο
265 658 379 695 ΜΕΝ.
413 671 545 696 meum
566 657 809 708 parasitum?
865 660 938 698 (ΣΥ.
969 667 1074 697 certe
1094 658 1158 698 hic
1178 658 1356 699 insanust
1375 661 1508 698 homo.

264 723 368 761 MES.
401 722 509 762 dixin
529 722 599 761 tibi
621 737 706 762 esse
726 723 791 762 hic
811 725 1074 774 sycophantas
1095 725 1327 775 plurumos?

637 801 655 822 *
823 804 842 825 *
1011 805 1028 825 *
1197 804 1215 825 *

262 854 377 891 ΜΕΝ.
410 866 529 903 quern
551 861 591 892 tu
613 853 825 904 parasitum
842 853 1008 904 quaeris,
1030 855 1274 902 adulescens,
1299 855 1462 894 meum?
1610 860 1683 913 285

263 919 335 957 (ΞΥ.
369 918 612 957 Peniculum.
674 920 779 957 MEs.
812 918 951 958 eccum
972 919 1012 958 in
1034 919 1172 959 uidulo
1192 921 1344 959 saluom
1364 921 1458 958 sero.
1659 918 1667 928 ⁴

263 984 333 1022 Cv.
368 985 643 1032 Menaechme,
667 998 832 1024 numero
853 986 932 1023 huc
951 984 1118 1024 aduenis
1137 985 1188 1024 ad
1209 984 1428 1036 prandium.

204 1061 242 1093 15
261 1062 367 1088 nunc
387 1057 583 1099 opsonatu
605 1051 735 1089 redeo.
796 1052 912 1089 ΜΕΝ.
943 1051 1140 1101 responde
1160 1049 1272 1098 mihi,

258 1115 492 1154 adulescens
509 1130 515 1153 :
546 1115 690 1165 quibus
710 1115 774 1154 hic
794 1115 950 1166 pretieis
970 1115 1079 1166 porci
1100 1122 1274 1154 ueneunt
1657 1164 1665 1177 ·

259 1192 386 1219 sacres
431 1180 602 1219 sinceri?
681 1181 754 1221 Cv.
794 1180 1002 1220 nummeis.
1081 1182 1197 1220 ΜΕΝ.
1237 1193 1446 1219 nummum
1475 1194 1498 1218 a
1527 1193 1590 1220 me
1609 1180 1676 1229 296

1432 1245 1591 1297 accipe:

260 1309 352 1350 iube
373 1309 410 1349 te
431 1310 526 1362 piari
547 1311 598 1351 de
619 1325 707 1350 mea
726 1311 904 1362 pecunia.

260 1390 351 1414 nam
373 1376 558 1427 equidem
586 1376 590 1427 Ι
616 1376 798 1415 insanum
819 1390 905 1415 esse
925 1383 963 1415 te
983 1383 1091 1415 certo
1110 1375 1207 1423 scio,

201 1455 242 1478 20
260 1440 327 1490 qui
344 1440 438 1479 mihi
462 1442 661 1480 molestu’s
682 1440 833 1479 homini
855 1440 990 1491 ignoto
1011 1440 1188 1491 quisquis
1208 1454 1260 1479 es.

259 1506 331 1544 (ΣΥ.
364 1506 575 1554 Cylindrus
596 1519 669 1555 ego
689 1519 775 1544 sum
794 1521 800 1543 :
832 1519 912 1544 non
933 1505 1036 1544 nosti
1058 1519 1203 1544 nomen
1225 1505 1389 1544 meum?

261 1571 375 1609 ΜΕΝ.
407 1570 463 1609 sei
484 1578 525 1609 tu
547 1571 759 1620 Cylindrus
779 1584 848 1609 seu
871 1569 1138 1617 Coriendru's,
1161 1569 1331 1620 perieris.
1607 1582 1673 1622 295

257 1649 331 1685 ego
351 1643 388 1674 te
409 1649 489 1674 non
511 1635 603 1674 noui
626 1649 755 1686 neque
776 1634 934 1674 nouisse
954 1636 1056 1674 adeo
1076 1636 1179 1673 uolo.

259 1703 330 1741 (ΣΥ.
367 1709 425 1740 est
464 1701 535 1740 tibi
575 1702 843 1740 Menaechmo
883 1713 1041 1739 nomen.
1121 1701 1236 1738 ΜΕΝ.
1278 1706 1443 1746 tantum,
1479 1699 1589 1750 quod

1454 1764 1587 1811 sciam,

201 1847 238 1878 25
257 1845 328 1883 pro
348 1846 445 1870 sano
465 1831 636 1882 loqueris
657 1845 779 1882 quom
802 1845 864 1870 mc
883 1832 1058 1882 appellas
1079 1829 1250 1870 nomine.

257 1898 326 1936 sed
349 1896 413 1935 ubi
437 1896 581 1935 nouisti
604 1897 696 1935 me?
754 1898 825 1936 Cv.
859 1896 926 1935 ubi
947 1909 1020 1947 ego
1041 1903 1079 1934 te
1100 1895 1289 1942 nouerim,

301 2009 362 2039 275
387 2000 486 2030 uideo
504 2011 566 2031 uae
584 2005 679 2040 tergo
699 2000 856 2031 Gruterus
874 2011 880 2029 τ
914 2000 1037 2031 uideon
1055 2003 1193 2038 actergo
1210 1998 1249 2036 P,
1270 1999 1302 2029 A
1321 2009 1353 2029 n.
1371 1997 1390 2028 Ι.
1523 1999 1588 2038 276

257 2054 301 2074 tm
320 2044 529 2075 conuiuacn?
554 2046 644 2084 (cum
659 2045 763 2084 prlu')
831 2043 1048 2074 obambulant
1063 2042 1187 2073 Ritsch!
1316 2042 1390 2080 278,
1408 2051 1472 2080 279
1495 2051 1533 2072 cs
1549 2067 1555 2073 .
1575 2065 1582 2073 .

258 2088 332 2127 quis
347 2098 412 2118 om.
429 2086 462 2116 P
475 2087 536 2127 (iii.
559 2097 606 2127 11,
628 2098 658 2127 p.
679 2090 735 2127 52)
864 2097 928 2126 279
943 2086 1097 2126 quisquis
1109 2087 1176 2126 d—
1191 2085 1224 2115 A
1271 2085 1351 2124 sort.
1372 2085 1542 2124 ‘quisquis
1555 2085 1588 2115 '3

259 2130 403 2171 <deliras
415 2130 525 2170 plane.
541 2142 607 2162 non
620 2131 688 2162 scis
698 2129 796 2172 quis)
807 2140 871 2170 ego
887 2131 949 2161 sim
963 2132 973 2161 3
1078 2131 1141 2160 282
1165 2134 1257 2160 certe
1268 2127 1361 2160 ΜΕΝ.
1374 2128 1424 2159 vel
1434 2138 1476 2159 oe
1493 2132 1586 2159 certe

259 2176 289 2204 A
397 2175 550 2214 284—300
571 2175 759 2215 posteriores
770 2174 957 2214 patiesfi’re
971 2173 1126 2215 leguntur
1138 2172 1171 2203 A
1306 2173 1369 2211 284
1387 2182 1458 2202 vm.
1475 2171 1528 2210 P;
1549 2170 1584 2202 in

257 2217 289 2246 A
305 2218 559 2258 legitur—finci}
576 2241 586 2250 .
605 2228 652 2258 sm
671 2242 677 2248 .
697 2228 717 2257 ῃ
736 2236 774 2239 ---
795 2223 829 2248 tu
846 2235 886 2240 -
1019 2217 1082 2255 285
1106 2225 1200 2247 meus
1223 2214 1256 2245 A
1399 2216 1464 2255 289
1486 2214 1584 2254 pretii

257 2261 290 2291 P
367 2272 432 2301 290
449 2271 618 2292 nummum
631 2272 696 2292 om.
711 2260 744 2291 Ρ
830 2271 894 2300 292
910 2259 1112 2302 (insanum)
1123 2260 1280 2291 insanum
1292 2257 1485 2299 SeyffertgA
1497 2257 1582 2297 nd.)

257 2314 320 2344 295
347 2305 403 2336 Sei
420 2305 560 2343 Aluchr,
575 2304 750 2335 secumdum
765 2314 892 2335 morem
904 2303 1117 2334 Plautinum:
1145 2303 1213 2334 Seu
1231 2301 1273 2342 P,
1283 2302 1316 2333 A
1330 2313 1363 2334 n.
1378 2301 1398 2333 Ι.
1412 2302 1465 2344 (ef
1478 2311 1511 2332 v.
1523 2310 1586 2341 793

256 2349 327 2379 siue
340 2354 400 2389 pro
416 2349 458 2390 si)
549 2358 613 2387 299
635 2348 685 2378 vel
698 2348 775 2379 med
793 2359 800 2378 ε
823 2346 902 2390 (tu)
913 2357 965 2377 me
976 2346 1090 2378 Lotwe
1101 2346 1214 2388 (ται-Α)
