1727 2702
98 92 152 130 ΙΙ.
173 92 203 129 ii
594 93 641 131 T.
674 92 855 133 MACCI
887 94 1091 132 PLAVTI

175 201 321 241 nemini
343 203 462 241 credo
482 201 549 252 qui
571 202 675 252 large
694 202 882 241 blandust
902 201 1015 241 diues
1035 202 1219 253 pauperi:

115 281 155 303 20
175 266 242 305 ubi
264 280 424 305 manum
446 266 555 305 inicit
576 266 757 317 benigne,
781 266 834 306 ibi
855 274 991 306 onerat
1011 267 1182 318 aliquam
1205 267 1379 307 zamiam.

173 345 247 382 ego
268 332 361 371 istos
383 331 477 371 noui
498 333 664 382 polypos
685 331 753 382 qui
774 331 842 371 ubi
862 332 1054 383 quicquid
1076 332 1285 383 tetigerunt
1305 341 1452 375 tenent.

175 399 258 436 ΜΕ.
290 399 341 437 da
369 397 421 436 mi
442 411 602 449 operam
630 411 850 448 parumper,
873 398 904 437 si
931 406 1121 449 operaest,
1150 399 1300 448 Euclio,
1330 400 1370 439 id
1397 402 1506 451 quod

1353 472 1392 503 te
1413 467 1506 504 uolo

171 529 223 568 de
242 528 444 567 communi
466 541 506 567 re
525 529 722 579 appellare
743 529 831 567 mea
850 535 889 567 et
909 536 985 567 tua.
1047 530 1144 567 Evc.
1176 528 1211 567 ei
1232 528 1374 568 misero
1396 529 1503 577 mihi,
1524 545 1593 569 200

171 606 309 631 aurum
327 593 379 631 mi
394 593 498 631 intus
511 594 767 643 harpagatum
784 600 853 631 est.
899 605 1005 631 nunc
1019 592 1082 631 hic
1096 605 1183 631 eam
1199 606 1281 632 rem
1297 595 1392 640 uolt,
1410 594 1503 641 scio,

114 673 152 705 ²5
174 672 329 697 mecum
350 658 459 697 adire
478 659 529 697 ad
551 658 787 708 pactionem.
847 672 985 697 uerum
1006 658 1232 697 interuisam
1253 659 1430 697 domum.

176 725 257 762 ΜΕ.
291 724 371 774 quo
400 723 520 762 abis?
578 725 675 762 Evc.
709 724 786 762 iam
814 732 989 763 reuortar
1016 726 1068 763 ad
1098 732 1159 763 te:
1195 738 1285 763 narn
1310 731 1369 763 est
1396 727 1505 775 quod

1081 789 1247 828 inuisam
1268 791 1500 830 domum—

173 856 256 894 ΜΕ.
288 856 408 894 credo
428 855 582 906 edepol,
605 854 674 893 ubi
695 854 940 894 mentionem
961 867 1035 904 ego
1055 855 1184 893 fecero
1204 855 1254 893 de
1274 855 1362 902 filia,

173 920 225 958 mi
246 928 288 958 ut
308 920 570 970 despondeat,
591 932 676 958 sese
696 933 719 958 a
740 933 803 958 me
822 919 990 958 derideri
1011 919 1182 967 rebitur;
1523 932 1589 970 205

174 998 303 1035 neque
324 985 390 1023 illo
410 984 620 1035 quisquam
642 991 701 1023 est
720 986 816 1023 alter
836 984 956 1024 hodie
976 997 1023 1023 ex
1038 991 1266 1035 paupertate
1286 984 1447 1034 parcior.

112 1066 156 1098 30
176 1052 272 1089 Evc.
305 1050 345 1089 di
384 1063 448 1090 me
485 1057 654 1097 seruant,
695 1051 804 1089 salua
836 1062 896 1088 res
929 1056 998 1088 est.
1057 1050 1209 1088 saluom
1247 1057 1306 1088 est
1343 1049 1374 1087 si
1408 1048 1504 1099 quid

1284 1127 1362 1152 non
1392 1114 1501 1165 perit.

172 1181 279 1219 nimi'
301 1182 402 1219 male
423 1179 546 1219 timui.
607 1179 705 1230 priu’
725 1192 845 1230 quam
867 1179 969 1217 intro
990 1178 1099 1226 redii,
1122 1178 1366 1217 exanimatus
1386 1178 1451 1217 sui.

171 1248 290 1285 redeo
309 1247 360 1284 ad
382 1253 430 1293 te,
452 1246 677 1295 Megadore,
697 1244 727 1282 si
749 1244 845 1295 quid
867 1258 930 1282 mc
946 1244 1015 1282 uis.
1067 1245 1151 1282 ΜΕ.
1184 1243 1313 1282 habeo
1327 1243 1500 1294 gratiam.

171 1325 329 1362 quaeso,
353 1311 462 1361 quod
484 1318 521 1348 tc
542 1310 815 1360 percontabor,
839 1323 889 1348 ne
910 1309 949 1348 id
970 1316 1008 1347 te
1029 1309 1158 1360 pigeat
1179 1308 1369 1359 proloqui.
1522 1319 1591 1346 210

173 1378 269 1415 Evc.
301 1377 398 1415 dum
428 1375 590 1426 quidem
625 1374 675 1414 ne
709 1374 806 1425 quid
840 1374 1080 1426 perconteris
1113 1374 1223 1425 quod
1256 1387 1336 1412 non
1371 1374 1504 1413 lubeat
1527 1386 1531 1392 ·

1309 1439 1500 1489 proloqui.

110 1517 151 1548 35
174 1507 256 1544 ΜΕ.
289 1505 354 1544 dic
375 1505 481 1553 mihi,
505 1504 610 1556 quali
632 1517 695 1544 me
714 1504 900 1544 arbitrare
919 1518 1061 1555 genere
1082 1506 1346 1555 prognatum?
1403 1505 1501 1543 Evc.

1382 1569 1500 1608 bono.

174 1637 257 1674 ΜΕ.
279 1636 376 1686 quid
394 1636 500 1674 fide?
550 1637 646 1675 Evc.
670 1636 786 1674 bona.
839 1637 922 1674 ΜΕ.
945 1635 1042 1686 quid
1060 1634 1201 1674 factis?
1249 1636 1345 1673 Evc.
1373 1647 1504 1685 neque

1028 1700 1138 1738 malis
1161 1713 1289 1750 neque
1311 1699 1498 1750 inprobis.

173 1767 254 1804 ΜΕ.
286 1773 454 1804 aetatem
477 1778 605 1804 meam
627 1765 732 1804 scis?
785 1767 882 1804 Evc.
914 1765 997 1804 scio
1016 1779 1102 1804 esse
1120 1766 1321 1816 grandem,
1345 1765 1437 1804 item
1460 1773 1501 1803 ut

1278 1829 1497 1880 pecuniam.

172 1898 254 1934 ΜΕ.
286 1903 391 1934 certe
406 1896 548 1945 edepol
570 1895 755 1945 equidem
777 1903 815 1933 te
835 1895 964 1934 ciuem
986 1895 1070 1934 sine
1092 1896 1193 1933 mala
1213 1895 1320 1932 omni
1345 1895 1491 1933 malitia
1520 1905 1586 1941 215

169 1975 324 2012 semper
343 1974 429 1998 sum
455 1960 662 1999 arbitratus
688 1968 726 1999 et
748 1974 854 1999 nunc
879 1960 1053 1999 arbitror.
1115 1962 1211 1998 Evc.
1243 1972 1380 1998 aurum
1409 1959 1501 1998 huic

1406 2026 1496 2063 olet.

217 2141 275 2170 ¹97
301 2130 409 2169 aliqua
427 2130 532 2160 zamia
549 2129 618 2160 edd.
648 2128 721 2159 'sed
743 2129 780 2168 cs.
804 2129 928 2167 J0urn.
951 2128 1035 2161 Pln'l.
1056 2130 1108 2165 26,
1129 2129 1209 2168 294)
1358 2129 1418 2167 198
1442 2129 1498 2159 ubi

170 2174 372 2204 llermolaems
389 2185 395 2204 :
421 2174 487 2203 nibi
506 2173 570 2204 cod.
589 2173 674 2213 <nihi
693 2172 761 2213 PE)
863 2182 923 2212 199
946 2173 973 2203 si
992 2178 1159 2212 operaest,
1182 2172 1232 2209 F..,
1251 2171 1282 2201 id
1296 2171 1383 2203 codd.
1400 2171 1503 2203 Nonii

170 2228 234 2257 529
261 2221 299 2248 (s.
316 2229 347 2248 v.
365 2218 484 2257 opera)
504 2229 510 2247 :
535 2216 661 2256 paucis,
677 2215 724 2250 E..
742 2221 793 2246 cst
810 2216 874 2247 cod.
967 2226 1031 2254 203
1055 2216 1155 2246 abitis
1171 2214 1236 2244 Leo
1309 2215 1371 2246 iam
1389 2215 1498 2258 (ego)

172 2260 308 2290 Murllrr
394 2261 434 2291 ad
452 2266 485 2291 te
504 2271 573 2291 reu.
592 2259 655 2290 cod.
677 2271 682 2289 z
708 2260 815 2289 traira'
829 2260 879 2290 (ii.
906 2260 937 2299 ι)
1028 2270 1117 2289 nunc
1135 2264 1186 2288 est
1201 2257 1265 2288 Leo
1355 2259 1497 2289 inuisam

171 2304 295 2334 thscm
309 2316 314 2334 :
340 2305 443 2334 nisam
461 2304 525 2334 cod.
662 2313 722 2341 207
748 2303 880 2334 saluar-e
897 2308 949 2333 est
966 2302 1029 2333 cod.
1165 2312 1202 2332 αι
1214 2311 1224 2331 ι
1253 2312 1320 2332 non
1341 2302 1476 2333 Gus'etns
1491 2313 1498 2331 :

171 2349 249 2379 mihi
270 2358 334 2377 non
353 2347 417 2377 cod.
439 2348 496 2385 (biv.
521 2348 577 2388 2):
605 2347 648 2376 mi
668 2347 755 2376 haud
769 2345 907 2385 Seyffi’r!
