1727 2702
110 141 176 181 1.1
579 142 624 180 T.
662 142 839 181 MACCI
873 141 1075 180 PLAVTI

101 267 146 299 90

100 590 141 622 95

82 1114 143 1137 100

85 1506 142 1537 ¹05

85 1833 144 1855 110

273 256 348 293 hoc
371 254 435 292 ubi
461 254 695 304 Amphitruo
716 267 803 291 erus
823 252 1073 303 conspicatus
1092 260 1163 299 est,

273 320 362 359 ilico
382 320 532 371 equites
554 320 661 357 iubet
682 320 841 357 dextera
861 318 1058 357 inducere.

271 385 423 436 equites
445 394 579 436 parent
601 384 665 422 citi
684 399 690 422 :
720 384 771 422 ab
791 385 950 423 dextera
970 397 1155 423 maxumo

323 465 413 489 cum
435 453 605 489 clamore
626 449 802 488 inuolant
824 448 972 500 impetu
993 448 1121 495 alacri,
1514 458 1580 494 245

270 517 431 555 foedant
452 523 489 554 et
511 522 713 566 proterunt
734 513 905 552 hostiurn
928 513 1061 564 copias

379 581 459 620 iure
481 580 654 619 iniustas.

166 647 251 685 ME.
282 659 498 696 numquam
529 645 645 683 ctiam
677 644 889 694 quicquam
919 644 1050 682 adhuc
1081 643 1292 682 uerborum
1322 651 1380 682 est
1410 656 1494 693 pro-

1091 709 1246 747 locutus
1266 721 1468 759 perperam
1486 723 1493 746 :

165 789 336 826 namque
357 789 430 825 ego
457 775 510 813 sui
536 774 588 812 illi
610 774 649 812 in
671 788 710 813 re
727 772 920 824 praesenti
942 781 979 811 et
1005 774 1108 811 meu’
1127 786 1249 823 quom
1277 781 1492 823 pugnatum

1293 845 1351 876 est
1374 845 1491 888 pater.

165 907 230 944 So.
263 907 483 956 perduelles
514 912 719 955 penetrant
750 918 790 943 se
821 903 859 941 in
888 903 1044 953 sugam3
1084 902 1138 941 ibi
1169 902 1310 942 nostris
1339 902 1494 940 animus
1514 914 1583 950 250

1295 967 1493 1006 additust:

165 1036 411 1074 uortentibus
432 1035 622 1074 Telobois
643 1034 729 1072 telis
750 1033 1052 1084 complebantur
1072 1046 1236 1083 corpora

166 1101 352 1152 ipsusque
374 1100 612 1150 Amphitruo
633 1113 762 1150 regem
787 1101 978 1138 Pterelam
1001 1101 1071 1137 sua
1090 1097 1342 1148 optrtincauit
1362 1111 1492 1136 manu.

219 1168 316 1206 haec
338 1166 428 1204 illist
450 1174 621 1216 pugnata
642 1178 773 1216 pugna
793 1165 918 1215 iisque
937 1178 960 1202 a
982 1163 1086 1203 mani
1107 1165 1157 1203 ad
1179 1177 1387 1214 uesperum

220 1231 313 1284 (hoc
342 1232 444 1270 adeo
474 1233 550 1269 hoc
579 1229 837 1275 commemini
871 1229 984 1279 magi'
1018 1228 1110 1279 quia
1143 1228 1210 1267 illo
1244 1228 1309 1268 die
1343 1227 1496 1279 inpran-

1323 1307 1389 1332 sus
1410 1292 1494 1344 fui),

165 1363 233 1401 sed
256 1361 447 1412 proelium
469 1361 508 1400 id
530 1362 689 1399 tandem
711 1359 867 1399 diremit
889 1373 965 1398 nox
986 1359 1209 1398 interuentu
1231 1372 1313 1397 suo.
1516 1368 1580 1405 255

166 1427 353 1478 postridie
375 1427 412 1465 in
435 1435 559 1465 castra
581 1441 626 1465 ex
647 1426 744 1464 urbe
763 1427 814 1465 ad
835 1438 908 1463 nos
929 1424 1094 1463 ueniunt
1115 1426 1253 1463 flentes
1274 1423 1494 1474 principes:

167 1492 304 1531 uelatis
326 1492 508 1531 manibus
529 1500 640 1530 orant
662 1491 912 1542 ignoscamus
933 1498 1140 1541 peccatum
1161 1503 1288 1537 suom,

165 1559 398 1607 deduntque
418 1571 471 1605 se,
494 1557 629 1596 diuina
650 1558 903 1606 humanaque
923 1555 1068 1602 omnia,
1092 1556 1228 1594 urbem
1249 1562 1287 1594 et
1308 1554 1451 1594 liberos

165 1623 203 1661 in
225 1622 424 1662 dicionem
445 1630 564 1672 atque
585 1622 623 1659 in
644 1621 873 1660 arbitratum
896 1619 1028 1660 cuncti
1049 1621 1244 1659 Thebano
1265 1621 1396 1670 poplo.

164 1696 252 1739 post
273 1688 326 1726 ob
347 1687 530 1726 uirtutem
552 1700 618 1725 ero
640 1685 919 1736 Amphitruoni
941 1693 1074 1736 patera
1094 1687 1240 1724 donata
1259 1698 1376 1724 aurea
1396 1691 1465 1730 est,
1517 1685 1586 1719 260

164 1753 230 1803 qui
254 1754 405 1791 Pterela
425 1751 591 1802 potitare
614 1766 677 1790 rex
698 1759 756 1790 est
778 1751 925 1789 solitus.
986 1751 1083 1789 haec
1104 1750 1158 1789 sic
1179 1750 1309 1789 dicam
1330 1763 1428 1788 erae.

164 1832 269 1857 nunc
291 1830 448 1867 pergam
471 1816 523 1855 eri
542 1816 749 1867 imperium
772 1817 933 1866 exsequi
953 1823 991 1854 et
1014 1829 1076 1854 me
1092 1816 1256 1854 domum
1279 1827 1492 1864 capessere.

220 1884 302 1921 ME.
334 1889 440 1928 attat,
465 1881 542 1920 illic
565 1883 642 1920 huc
663 1881 813 1920 iturust.
846 1880 913 1919 ibo
933 1893 1006 1930 ego
1027 1879 1104 1918 illic
1125 1879 1297 1926 obuiam,

218 1961 348 1998 neque
369 1960 442 1997 ego
459 1948 565 1985 hunc
588 1946 791 1986 hominem
807 1943 921 1998 (huc)
940 1944 1059 1983 hodie
1078 1945 1130 1982 ad
1149 1944 1258 1983 aedis
1280 1945 1349 1982 has
1370 1943 1493 1982 sinam

1074 2022 1262 2059 umquam
1283 2010 1472 2048 accedere
1488 2023 1496 2056 ;

209 2129 271 2157 242
296 2118 343 2149 vel
358 2118 589 2157 conspicatust
722 2125 786 2154 243
810 2114 972 2145 inuadere
982 2112 1174 2145 Salmasius
1188 2112 1286 2152 (wele,
1299 2113 1331 2143 δι’
1343 2113 1494 2152 inudere,

164 2173 268 2202 quam
286 2161 448 2192 lectionem
467 2173 481 2191 e
496 2161 593 2192 velrri
607 2158 706 2190 codice
726 2158 910 2188 Lambinus
924 2158 1017 2189 errn't.
1037 2157 1070 2187 r'n
1093 2155 1160 2187 Ter
1177 2155 1229 2186 ΡΑ
1247 2156 1343 2190 stelit)
1433 2165 1496 2195 253

167 2206 232 2236 illic
251 2210 301 2236 cst
318 2205 384 2236 cod.
404 2205 466 2235 <illi
492 2210 543 2235 est
570 2204 634 2234 El:
663 2203 726 2232 illis
751 2207 802 2233 ost
826 2200 914 2232 codd.
944 2199 1046 2230 Nmu'a'
1066 2209 1123 2239 231
1218 2200 1248 2232 h.
1278 2199 1343 2231 illic
1360 2211 1387 2231 e.
1409 2210 1440 2239 p.
1461 2210 1491 2239 p.

167 2250 229 2279 iam
249 2260 279 2280 ιι.
297 2249 428 2284 ffamb.)
450 2248 585 2278 Mueller
599 2246 729 2285 (le‘n.
749 2245 837 2276 Mus.
853 2255 905 2283 54.
922 2244 1004 2282 381)
1094 2254 1154 2282 254
1179 2243 1229 2274 vel
1242 2243 1342 2274 iamb.
1433 2244 1497 2273 260

167 2303 268 2323 aurea
285 2298 335 2323 cst
357 2292 566 2322 Camerarius
583 2303 588 2321 ε
613 2296 664 2320 est
681 2299 783 2320 aurea
800 2288 863 2318 cml.
1010 2287 1067 2317 261
1097 2287 1238 2327 potitare
1256 2286 1328 2318 Ital.
1344 2298 1350 2317 ε
1377 2291 1495 2326 potare

167 2336 230 2367 cod.
248 2336 412 2375 (positare
428 2335 545 2366 Dante
557 2335 651 2367 corr.)
720 2342 776 2362 rex
791 2338 841 2362 cst
859 2332 977 2361 solitus
990 2330 1109 2360 Bothe:
1134 2341 1191 2360 rex
1210 2330 1329 2360 solitus
1346 2335 1395 2360 cst
1409 2331 1473 2361 cod.
1488 2341 1494 2360 τ

167 2380 227 2411 sol.
253 2386 306 2410 est
332 2389 390 2410 rex
413 2379 536 2419 Ussing
633 2377 696 2414 263
720 2376 768 2406 vel
789 2377 894 2406 ‘ruffus
917 2380 967 2405 est
995 2374 1053 2415 (ita
1076 2373 1159 2413 cod.)
1261 2376 1321 2412 264
1348 2383 1413 2412 ego
1430 2376 1494 2405 huc

169 2425 256 2455 hom.
277 2423 353 2454 hod.
375 2422 439 2453 cod.
459 2435 464 2451 ;
481 2432 558 2452 corr.
577 2419 791 2452 Studemuud
