1727 2702
144 98 213 137 1V.
235 98 280 136 iv
653 100 699 137 T.
735 99 915 139 MACCI
947 99 1151 138 PLAVTI

234 208 307 248 Ol„
342 216 431 247 tenc
453 210 553 247 hanc
575 209 809 259 lampadem.
871 211 941 247 ΙΝ.
974 209 1097 248 immo
1117 223 1191 259 ego
1211 210 1313 247 hanc
1333 208 1490 248 tenebo.
1588 208 1659 252 840

175 287 213 320 ²5
342 275 470 312 Venu'
490 273 757 324 multipotens,
781 275 887 313 bona
907 276 1030 312 multa
1050 273 1145 312 mihi

286 337 442 385 dedisti,
466 338 595 377 huiius
617 352 739 389 quom
760 339 916 389 copiam
938 338 992 377 mi
1012 338 1167 378 dedisti.
1228 340 1300 378 OL.
1332 350 1359 377 o

447 405 724 454 corpusculum
746 405 942 442 malacum
961 407 967 442 l

449 483 536 507 mea
556 471 900 520 uxorcula—quae
921 471 1010 508 res?

451 536 519 572 ΙΝ.
552 534 648 584 quid
669 536 759 573 est?
816 535 890 574 01„
923 533 1062 573 institit
1082 536 1255 585 plantam
1589 539 1655 584 845

173 611 214 643 30
421 599 532 649 quasi
554 601 642 638 luca
663 600 745 638 bos.
807 601 876 637 Lv.
910 606 996 638 tace
1016 599 1079 646 sis,

232 664 377 702 nebula
398 665 504 703 haud
525 671 583 703 est
604 664 732 703 mollis
752 677 879 715 aeque
898 672 1017 714 atque
1037 664 1153 703 liuius
1173 669 1256 704 †est
1275 671 1447 715 pectus†.

234 729 307 768 OL.
340 730 482 779 edepol
504 729 688 780 papillam
711 729 989 768 bellulam—ei
1011 729 1154 768 misero
1176 729 1269 767 mihi
1288 733 1294 767 !

234 794 303 831 LV.
337 793 432 843 quid
454 795 544 832 est?
601 795 673 834 OL.
707 794 846 845 pectus
867 793 920 832 mi
942 793 1008 832 icit
1025 808 1105 833 non
1121 794 1267 841 cubito,
1283 808 1419 833 uerum
1435 794 1564 834 ariete.

235 860 303 896 Lv.
337 858 432 909 quid
454 866 494 898 tu
516 873 607 910 ergo
628 861 742 907 hanc,
765 873 924 910 quaeso,
949 868 1090 898 tractas
1111 868 1189 898 tam
1210 861 1308 899 dura
1328 862 1479 898 manu?
1587 871 1607 903 8
1613 878 1657 912 50

172 938 213 970 35
233 930 273 961 at
294 923 402 971 mihi,
425 924 492 975 qui
514 925 615 964 belle
642 926 745 963 hanc
767 933 901 973 tracto,
925 939 1006 964 non
1029 925 1175 964 bellum
1196 925 1297 963 facit.

233 990 309 1027 uah
330 992 336 1027 1
394 991 467 1029 OL.
499 990 596 1040 quid
616 989 820 1041 negotist?
877 992 946 1029 Lv.
961 1004 1154 1047 Xopsecro,
1177 998 1219 1028 ut
1240 992 1498 1029 ualentulastl

233 1066 358 1103 paene
379 1054 573 1105 exposiuit
594 1055 739 1094 cubito.
801 1056 874 1095 OL.
908 1055 1085 1094 cubitum
1108 1069 1199 1106 ergo
1220 1055 1273 1094 ire
1294 1056 1386 1094 uolt.

234 1119 303 1157 Lv.
336 1117 432 1169 quin
453 1117 554 1157 imus
575 1121 697 1170 ergo?
753 1122 826 1160 OL.
860 1120 882 1168 i,
907 1121 1009 1159 belle
1034 1119 1300 1159 belliatula.—

738 1229 783 1276 A
794 1229 975 1278 CTVS
1023 1229 1069 1276 V

133 1310 217 1348 V.i
265 1309 581 1346 MYRRH1NA
696 1309 1056 1346 PARDALISCA
1167 1308 1536 1347 CLEVSTRATA

344 1380 426 1417 Mv.
460 1380 658 1429 Acceptae
680 1377 781 1418 'oenc
802 1386 841 1417 et
860 1379 1073 1418 commode
1093 1378 1242 1417 eximus
1263 1378 1367 1417 intus
1588 1380 1654 1424 855

338 1444 454 1482 ludos
476 1442 600 1482 uisere
621 1444 699 1482 huc
719 1443 759 1481 in
781 1442 886 1482 uiam
909 1443 1104 1494 nuptialis.

339 1522 556 1559 numquam
578 1517 730 1548 ecastor
751 1511 832 1548 uilo
852 1508 917 1548 die
938 1508 1000 1547 risi
1022 1510 1214 1560 adaeque,

340 1588 469 1625 neque
491 1575 567 1614 hoc
588 1576 696 1624 quod
719 1574 907 1613 relicuom
930 1582 988 1613 est
1010 1576 1096 1625 plus
1118 1574 1278 1613 risuram
1301 1574 1451 1626 opinor.

195 1652 213 1684 5
233 1640 300 1678 ΡΑ.
334 1640 442 1678 lubet
472 1639 685 1679 Chalinum
716 1638 812 1690 quid
841 1647 929 1690 agat
959 1639 1070 1687 scire,
1100 1653 1247 1679 nouom
1279 1648 1443 1690 nuptum
1475 1654 1565 1679 cum

1286 1719 1392 1744 nouo
1415 1705 1563 1744 marito.

341 1771 422 1807 Mv.
457 1783 529 1808 nec
550 1769 741 1808 fallaciam
763 1769 990 1809 astutiorem
1015 1771 1105 1808 ullu'
1127 1769 1217 1808 fecit
1584 1769 1653 1806 860

237 1879 247 1890 ⁹
275 1875 339 1913 840
363 1874 449 1905 hanc
466 1874 508 1905 m
528 1874 589 1904 iam
609 1879 630 1905 t.
652 1874 685 1904 P
700 1875 877 1916 (proillam
897 1876 958 1915 t.‘.1)
1047 1875 1107 1913 841
1137 1875 1238 1905 multa
1256 1874 1343 1904 bona
1361 1874 1393 1904 A
1412 1885 1418 1904 :
1444 1874 1564 1905 bonam

233 1918 333 1948 uitam
361 1918 392 1947 Ρ
408 1917 458 1956 scs.
482 1916 570 1947 Pers.
596 1928 655 1956 734
681 1919 800 1950 bonam
825 1920 893 1950 uita
906 1924 968 1959 pro
984 1919 1072 1950 bona
1095 1918 1213 1958 multa)
1324 1919 1388 1955 842
1412 1928 1432 1947 o
1451 1928 1516 1948 om.
1538 1917 1570 1947 P

230 1962 338 2000 842-3
362 1972 393 1992 o.
414 1970 440 1991 c.
462 1972 502 1991 in.
524 1959 703 1999 Lysfdamo
727 1963 810 1994 dant
824 1963 883 1994 alii
991 1963 1055 2002 843
1080 1962 1280 1993 melliculum
1306 1961 1338 1991 Ρ
1359 1960 1411 2001 (ff.
1437 1972 1466 1992 v.
1487 1961 1561 2000 837,

231 2005 288 2034 ubi
314 2003 513 2035 melliculum
545 2004 590 2044 P)
751 2007 877 2046 844ss51
896 2007 985 2046 fines
1011 2006 1160 2036 mutilali
1182 2005 1215 2035 P
1238 2008 1381 2046 (propter
1399 2004 1563 2045 paginam

230 2048 405 2078 laceratam
422 2048 456 2077 in
474 2047 538 2079 ΡΑ.
586 2049 635 2089 Cf.
657 2050 705 2081 ad
721 2062 751 2082 v.
778 2052 857 2089 864)
993 2051 1055 2089 844
1079 2060 1164 2089 quat:
1185 2059 1240 2080 res
1255 2059 1320 2080 om.
1339 2048 1371 2078 P
1501 2049 1563 2087 845

231 2091 356 2121 insistit
376 2091 408 2120 A
507 2093 619 2132 planta
643 2094 814 2125 Fleckeisen
946 2095 1011 2133 846
1035 2094 1107 2124 luca
1133 2092 1208 2133 bos]
1236 2093 1352 2123 iocabo
1372 2092 1405 2122 Ρ
1490 2096 1563 2122 tace

232 2134 278 2164 sis
301 2145 367 2166 om.
390 2135 423 2165 P
511 2138 573 2178 847
600 2148 707 2177 acque
734 2150 799 2169 om.
830 2137 862 2168 Ρ
884 2138 943 2177 (iii.
979 2138 1009 2178 1)
1099 2148 1169 2177 pec.
1197 2148 1261 2167 om.
1283 2136 1333 2166 P:
1367 2140 1486 2175 pectus
1512 2140 1563 2166 cst

235 2177 368 2218 Geppert
1277 2180 1342 2218 848
1367 2180 1418 2210 cd.
1450 2189 1502 2219 pa.
1533 2179 1564 2210 b.

233 2219 412 2260 Lysr'damo
439 2226 633 2255 continuant
660 2226 720 2255 alls
901 2227 966 2263 849
991 2225 1064 2265 icit]
1094 2225 1161 2263 agit
1188 2224 1221 2255 P
1245 2225 1322 2264 (pro
1347 2224 1425 2262 igit?
1454 2221 1484 2253 G
1500 2228 1564 2263 pro

233 2264 275 2302 C)
367 2278 483 2299 uerum
504 2269 609 2299 ariete
627 2280 692 2299 om.
715 2268 747 2298 P
841 2271 906 2306 850
930 2269 1011 2299 dura
1031 2279 1129 2298 manu
1147 2279 1210 2298 om.
1226 2267 1258 2297 Ρ
1351 2268 1411 2305 85ῐ
1439 2265 1561 2297 bellum

234 2310 339 2345 (nal-²
375 2312 450 2342 facit
471 2313 502 2342 A
521 2323 527 2342 τ
552 2323 618 2341 om.
639 2311 669 2341 Ι)
756 2313 818 2349 852
845 2324 860 2349 4
889 2311 971 2350 On]
991 2313 1050 2342 ΙΝ.
1070 2311 1130 2342 alii
1174 2311 1251 2342 LV]
1266 2311 1328 2342 OL.
1354 2311 1414 2341 alii
1498 2310 1561 2349 852

235 2353 319 2384 naha
339 2356 567 2395 &Olympiomssss
594 2356 958 2394 insim-s»·s‹n·12s·ver.ms
975 2354 1007 2384 Ρ
1091 2355 1169 2394 quid
1189 2353 1255 2393 [id]
1273 2355 1305 2384 A
1419 2355 1480 2393 854
1506 2355 1560 2392 qui

236 2397 333 2427 nimis
351 2397 383 2428 Ρ
427 2398 514 2429 bella
532 2398 687 2429 bellatula
706 2399 784 2439 (om.
806 2399 829 2438 i)
846 2397 879 2428 P
893 2398 928 2439 (i.
951 2399 985 2438 4)
1060 2400 1125 2437 856
1150 2398 1204 2428 uia
1221 2397 1253 2428 Ρ
1323 2399 1386 2438 858
1404 2398 1561 2437 velopino
