1727 2702
109 111 187 150 111.
207 112 252 148 iii
633 113 680 151 T.
714 113 894 153 MACCI
926 114 1130 153 PLAVTI

209 224 304 262 dum
325 231 511 262 caueatur
532 230 683 274 praeter
702 237 873 275 aequom
894 238 944 264 ne
965 225 1060 275 quid
1081 225 1296 277 delinquat,
1317 226 1413 266 sine.

151 300 187 331 15
211 289 278 326 ΙΝ.
303 302 383 326 non
400 288 500 336 sino,
517 301 647 338 neque
663 287 849 339 equidem
871 289 979 328 illum
997 303 1060 328 me
1076 290 1170 329 uiuo
1185 291 1379 342 corrumpi
1398 291 1535 330 sinam.

208 355 277 392 sed
298 361 351 400 tu,
373 353 440 404 qui
462 367 533 404 pro
555 361 634 392 tam
656 362 841 405 corrupto
861 354 959 403 dicis
980 368 1158 394 caussam
1181 355 1275 404 filio,
1557 370 1629 404 420

208 419 400 458 eademne
421 427 502 457 erat
523 420 622 457 haec
639 418 847 469 disciplina
863 419 932 458 tibi
938 451 948 469 ,
960 433 1090 470 ,quom
1108 421 1406 466 tuadulescens
1426 435 1510 460 eras
1522 424 1540 460 ?

209 496 310 533 nego
331 483 400 522 tibi
423 485 499 522 hoc
519 483 634 522 annis
655 483 792 534 uiginti
814 484 933 523 fuisse
954 484 1088 535 primis
1109 474 1352 552 copiaess-jr

209 548 374 598 digitum
396 550 512 598 longe
532 562 555 586 a
576 549 806 599 paedagogo
827 550 970 599 pedem
992 549 1412 588 utecferre‘s'aedibus.

151 626 191 648 20
209 622 300 652 ante
321 615 444 652 solem
466 613 706 652 exorientem
729 613 802 652 nisi
824 613 863 651 in
885 615 1117 664 palaestram
1138 627 1313 662 ueneras,

208 678 384 728 gymnasi
406 679 604 729 praefecto
629 678 634 730 Ι
661 679 739 717 hau
760 678 970 717 mediocris
991 691 1139 729 poenas
1160 679 1362 729 penderes.
1559 683 1626 721 4²5

209 743 249 782 id
269 743 362 794 quoi
379 743 581 794 optigerat,
599 743 677 782 hoc
697 743 814 782 etiam
835 745 886 782 ad
908 745 1054 781 malum
1074 743 1347 781 accersebatur
1367 745 1512 782 malum
1531 760 1537 782 :

208 816 248 848 et
266 808 483 859 discipulus
504 816 542 847 et
564 808 747 858 magister
767 808 1076 859 perhibebantur
1097 807 1262 858 inprobi.

210 873 262 912 ibi
284 887 410 921 cursu,
434 874 634 920 luctando,
658 873 780 919 hasta,
805 873 927 920 disco,
951 872 1137 923 pugilatu,
1152 872 1241 924 pila,

151 958 188 989 ²5
210 940 388 979 saliendo
409 952 494 978 sese
515 939 750 978 exercebant
772 938 884 988 magi’
906 951 1025 988 quam
1047 946 1176 977 scorto
1196 945 1262 976 aut
1283 938 1423 977 sauiis:

210 1005 263 1044 ibi
284 1019 394 1044 suam
417 1012 586 1044 aetatem
608 1004 887 1051 extendebant,
911 1017 991 1042 non
1012 1003 1052 1042 in
1073 1003 1277 1042 latebrosis
1298 1003 1404 1042 locis.
1562 1015 1632 1050 430

210 1070 301 1109 inde
322 1072 372 1109 de
393 1070 659 1120 hippodromo
680 1075 719 1108 et
740 1070 933 1120 palaestra
953 1068 1021 1107 1ibi
1043 1068 1261 1107 reuenisses
1281 1069 1459 1116 domurn,

209 1135 420 1175 cincticulo
442 1134 689 1185 praecinctus
711 1133 751 1172 in
772 1136 868 1172 sella
887 1134 995 1184 apud
1017 1133 1243 1184 magistrum
1264 1133 1487 1172 adsideres:

210 1214 330 1252 quom
353 1200 495 1239 librum
517 1201 674 1250 legeres,
697 1199 728 1238 si
756 1198 760 1248 Ι
787 1212 906 1237 unam
928 1198 1174 1250 peccauisses
1195 1198 1396 1248 syllabam,

149 1279 190 1310 30
211 1267 317 1304 fieret
339 1265 489 1304 corium
510 1272 590 1304 tam
612 1266 859 1303 maculosum
879 1277 998 1315 quam
1020 1272 1078 1303 est
1098 1263 1259 1303 nutricis
1280 1263 1453 1318 pallium.

212 1333 298 1370 ΜΝ.
332 1338 490 1382 propter
510 1344 573 1369 me
590 1332 689 1369 haec
705 1344 811 1369 nunc
828 1343 918 1369 meo
934 1329 1059 1369 sodali
1076 1329 1153 1368 dici
1170 1323 1385 1380 discrucior
1401 1328 1518 1368 miser
1532 1342 1543 1377 3
1559 1339 1626 1375 435

209 1397 402 1436 innocens
425 1395 690 1447 suspicionem
713 1397 815 1434 lianc
837 1395 1002 1434 sustinet
1023 1408 1161 1435 caussa
1181 1408 1278 1434 mea.

210 1464 284 1501 ΡΗ.
315 1462 391 1510 alii,
430 1462 550 1512 Lyde,
588 1475 694 1500 nunc
728 1469 819 1500 sunt
854 1474 992 1500 mores.
1072 1462 1141 1499 Lv.
1174 1460 1214 1499 id
1248 1459 1434 1511 equidem
1468 1472 1542 1509 ego

1317 1533 1424 1564 certo
1445 1524 1537 1563 scio.

211 1607 302 1632 nam
324 1592 417 1632 olim
439 1591 574 1643 populi
596 1591 701 1642 prius
722 1582 914 1630 honorem
936 1591 1116 1643 capiebat
1137 1589 1319 1641 suffragio

149 1673 189 1705 35
211 1651 330 1708 quam
352 1657 536 1707 magistro
557 1657 763 1696 desinebat
784 1670 870 1696 esse
890 1656 997 1695 dicto
1017 1656 1235 1695 oboediens
1251 1671 1261 1703 ς

209 1731 249 1761 at
270 1736 386 1770 nunc,
410 1722 506 1773 priu'
527 1736 645 1772 quam
667 1721 896 1772 septuennis
917 1730 986 1769 est,
1010 1722 1040 1760 si
1061 1721 1228 1771 attingas
1248 1734 1339 1760 eum
1361 1733 1492 1767 manu,
1558 1731 1629 1764 440

208 1790 406 1839 extemplo
427 1802 522 1838 puer
543 1787 774 1838 paedagogo
795 1788 929 1825 tabula
949 1786 1154 1837 dirrumpit
1175 1794 1303 1837 caput.

208 1867 328 1903 quom
351 1861 499 1903 patrem
521 1853 640 1890 adeas
663 1853 915 1902 postulatum,
939 1864 1061 1902 puero
1081 1851 1136 1889 sic
1158 1851 1251 1890 dicit
1273 1859 1404 1902 pater:

211 1923 365 1956 ‘noster
385 1925 479 1963 esto,
504 1918 598 1955 dum
622 1924 660 1955 te
681 1916 826 1966 poteris
847 1917 1051 1955 defensare
1071 1915 1234 1954 iniuria!

149 1997 190 2027 40
210 1974 454 2033 prouocatur*
462 1983 712 2032 paedagogus
730 1997 736 2020 z
771 1983 868 2020 ‘clio
889 1995 1006 2019 senex
1029 1980 1178 2019 minimi
1201 1980 1310 2030 preti,

209 2061 258 2086 ne
278 2047 415 2097 attigas
438 2060 601 2097 puerum
626 2047 720 2085 istac
741 2060 888 2093 caussa,
942 2047 1075 2084 uando
1096 2045 1185 2084 fecit
1207 2046 1387 2083 strenue.’
1557 2052 1624 2088 445

208 2113 235 2151 it
258 2112 438 2161 magister
459 2111 568 2162 quasi
592 2113 751 2150 lucerna
772 2114 893 2149 tincto
913 2118 1094 2161 expretus
1116 2110 1247 2148 linteo.

251 2228 314 2258 422
339 2218 402 2248 hoc
421 2215 549 2246 Mcmla
566 2228 572 2247 :
597 2216 659 2246 hec
677 2215 793 2252 (hac-c*
811 2214 876 2246 cod.
899 2216 934 2250 (c
948 2221 1008 2255 pro
1024 2215 1058 2256 o)
1193 2223 1256 2253 425
1270 2213 1348 2252 sort.
1367 2213 1539 2252 praefecto

207 2260 288 2303 (tu)
365 2270 493 2300 poenas
510 2260 597 2290 haud
616 2258 794 2289 mediocris
813 2258 937 2288 lx‘ttscltl
1038 2260 1102 2296 426
1124 2268 1223 2297 quom
1242 2256 1344 2286 Bollu·
1461 2258 1535 2295 426,

208 2315 269 2343 427
294 2309 372 2334 sun!
395 2305 453 2343 qui
471 2307 544 2343 post
566 2314 594 2333 v.
620 2312 684 2341 423
704 2306 834 2342 ponant
966 2302 1030 2340 428
1054 2303 1155 2334 disco.
1178 2301 1272 2331 hasta
1290 2299 1483 2331 Hermann.
1504 2304 1540 2330 ut

208 2350 242 2378 in
259 2348 395 2378 diarresi
407 2347 515 2377 hiatus
532 2347 574 2376 si!
705 2355 770 2384 433
795 2356 867 2375 cum
886 2346 970 2375 libro
986 2356 992 2383 ;
1018 2355 1092 2376 cum
1111 2345 1150 2375 le.
1173 2344 1237 2374 Leo
1326 2345 1350 2373 si
1371 2344 1402 2373 in
1422 2354 1487 2374 una
1505 2353 1536 2382 p.

209 2392 337 2430 syllaba
360 2391 465 2430 Bngk
559 2389 768 2429 pret-auisset
791 2388 860 2419 cod.
879 2389 975 2422 (corr.
993 2389 1052 2429 3²)
1185 2389 1248 2426 438
1273 2387 1449 2426 capiebant
1469 2386 1534 2418 cod.

209 2446 271 2475 445
297 2435 419 2473 attigas
436 2437 571 2463 testatur
585 2432 716 2463 Nonius
733 2442 773 2471 75
789 2443 795 2462 :
819 2432 975 2472 adtingas
991 2432 1054 2462 cod.
1076 2432 1110 2469 «pi.
1131 2442 1162 2471 p.
1184 2436 1239 2470 27]
