1727 2712
665 165 990 204 BACCHIDES
1459 171 1488 208 I.
1510 174 1525 208 i

162 277 218 314 Pr.
251 276 347 323 quid
368 275 399 314 si
419 278 526 326 apud
547 284 584 315 te
605 276 762 315 eueniat
782 276 968 315 desubito
988 277 1198 327 prandium
1219 286 1285 316 aut
1307 280 1457 329 potatio
1513 297 1556 329 45

95 344 141 378 80
159 342 257 380 forte
277 348 344 379 aut
364 355 473 388 cena,
497 350 538 379 ut
559 343 658 380 solet
679 341 727 395 in
741 341 823 395 istis
844 341 925 379 fieri
946 341 1230 387 conciliabulis,

158 404 226 444 ubi
264 418 338 455 ego
376 412 459 443 tum
498 405 733 444 accumbam
747 395 768 443 Ρξ
821 407 891 444 ΒΑ.
923 407 1030 456 apud
1070 419 1144 452 me,
1182 407 1234 445 mi
1273 421 1413 455 anime,
1451 416 1493 447 ut

873 470 1028 521 lepidus
1049 485 1140 509 cum
1162 472 1292 522 lepida
1312 473 1490 512 accubet.

157 536 268 572 locus
289 534 352 573 hic
372 536 479 585 apud
501 549 583 583 nos,
607 535 789 586 quamuis
810 535 942 574 subito
964 536 1111 583 uenias,
1130 550 1285 587 semper
1305 537 1402 576 liber
1422 545 1490 577 est.

158 598 226 638 ubi
247 607 289 638 tu
310 599 441 649 lepide
462 600 572 639 uoles
592 613 679 639 esse
699 600 781 648 tibj,
803 602 814 620 ‘
829 614 918 640 mea
938 604 1049 650 rosa,'
1071 602 1168 641 mihi
1189 603 1311 642 dicito

161 668 170 685 ‘
183 665 278 703 dato
294 664 360 714 qui
377 665 479 703 bene
493 665 573 704 sit':
595 679 667 715 ego
680 647 752 705 nfii
770 666 872 703 bene
888 665 937 703 sit
953 665 1023 703 tibi
1037 666 1169 703 locum
1183 667 1358 716 lepidum
1374 669 1489 706 dabo.
1513 682 1555 713 50

98 727 138 771 85
162 731 219 767 P1.
251 729 410 779 rapidus
430 730 574 768 fluuius
594 738 652 768 est
673 730 748 777 hic,
771 743 852 768 non
873 731 947 768 hae
967 737 1114 768 temere
1135 732 1286 769 transiri
1307 741 1446 782 potest.

161 796 231 833 BA.
263 803 382 845 atque
406 803 558 833 ecastor
581 797 687 846 apud
713 797 819 834 hunc
840 787 1006 834 fluuium
1027 795 1175 845 aliquid
1204 799 1570 852 perdundumsts

1088 863 1089 866 ’
1409 863 1489 902 tibi.

158 937 319 962 manum
349 925 400 963 da
430 932 467 963 et
497 938 671 974 sequere.
732 927 790 964 P1.
823 927 909 973 aha,
942 926 1115 965 minime.
1178 929 1248 965 ΒΑ.
1281 927 1376 977 quid
1412 928 1494 966 ita?

728 995 731 996 ’
886 993 943 1029 P1.
976 991 1069 1041 quia
1089 991 1188 1030 istoc
1210 992 1492 1031 inlecebrosius

156 1054 237 1093 fieri
258 1054 312 1093 nil
332 1063 484 1106 potest:
517 1068 604 1103 nox,
629 1055 778 1103 mulier,
801 1056 938 1094 uinum
961 1057 1112 1095 homini
1133 1058 1443 1096 adulescentulo.

157 1122 226 1158 BA.
259 1134 330 1170 age
351 1120 476 1170 igitur,
499 1120 685 1171 equidem
708 1123 774 1172 pol
795 1121 906 1160 nihili
928 1121 1029 1161 facio
1050 1122 1124 1161 nisi
1145 1136 1283 1161 caussa
1303 1130 1379 1161 tua.
1512 1138 1551 1171 55

92 1200 138 1235 90
156 1185 206 1223 ill‘
227 1185 389 1235 quidem
411 1187 514 1223 hanc
534 1186 706 1224 abducet
721 1201 730 1234 ;
760 1194 801 1224 tu
823 1188 953 1225 nullus
973 1187 1156 1235 adfueris,
1180 1187 1210 1226 si
1232 1201 1312 1226 non
1335 1189 1453 1226 lubet.

158 1252 214 1289 P1.
248 1264 388 1289 sumne
407 1259 539 1289 autem
561 1251 671 1290 nihili
688 1251 755 1302 qui
772 1265 966 1302 nequeam
985 1252 1143 1303 ingenio
1164 1253 1357 1291 moderari
1376 1256 1493 1292 meo?

158 1319 227 1355 BA.
260 1317 357 1367 quid
386 1324 444 1356 est
474 1319 583 1368 quod
614 1320 796 1357 metuas?
853 1319 910 1359 Pl.
943 1318 1040 1357 nihil
1071 1326 1139 1366 est,
1170 1332 1306 1369 nugae.
1341 1319 1490 1367 mulier,

1068 1384 1138 1422 tibi
1161 1398 1224 1423 me
1246 1398 1492 1435 emancupo:

156 1451 236 1488 tuo’
265 1463 364 1497 sum,
396 1449 467 1488 tibi
496 1451 603 1489 dedo
633 1463 804 1500 operam.
870 1452 941 1488 ΒΑ.
976 1450 1172 1500 Lepidu's.
1206 1464 1311 1488 nunc
1346 1464 1420 1501 ego
1453 1459 1492 1489 te

1140 1517 1267 1555 facere
1288 1517 1364 1555 hoc
1385 1518 1488 1556 uolo.

155 1597 229 1634 ego
249 1584 371 1623 sorori
392 1597 503 1623 meae
524 1596 663 1622 cenam
686 1583 805 1621 hodie
826 1584 919 1621 dare
940 1583 1033 1620 uolo
1054 1581 1238 1620 uiaticam
1255 1599 1262 1622 :
1508 1583 1552 1616 60

92 1660 135 1696 95
156 1663 204 1688 eo
224 1650 294 1688 tibi
315 1658 519 1700 argentum
541 1649 688 1687 iubebo
709 1647 786 1686 iam
808 1647 912 1686 intus
933 1647 1068 1686 ecferri
1092 1649 1194 1685 foras
1210 1662 1220 1694 ,-

156 1723 197 1754 tu
219 1715 338 1754 facito
358 1723 595 1766 opsonatum
618 1714 733 1753 nobis
754 1713 802 1751 sit
823 1714 1057 1763 opulentum
1078 1712 1301 1763 opsonium.

157 1782 214 1819 ΡΙ.
247 1794 320 1831 ego
340 1782 558 1832 opsonabo,
581 1794 672 1818 nam
693 1780 734 1818 id
755 1778 944 1829 flagitium
966 1791 1098 1816 meum
1121 1777 1179 1824 sit,
1204 1792 1291 1816 mea
1312 1785 1350 1817 te
1370 1777 1491 1828 gratia

155 1854 193 1885 et
213 1860 373 1897 operam
390 1848 482 1887 dare
499 1847 551 1885 mi
569 1846 606 1885 et
622 1847 673 1885 ad
693 1859 780 1884 eam
798 1858 959 1895 operam
977 1845 1104 1882 facere
1121 1851 1323 1894 sumptum
1340 1845 1391 1883 de
1407 1852 1485 1883 tuo.

157 1913 227 1950 BA.
258 1919 297 1950 at
331 1926 404 1962 ego
438 1914 532 1950 nolo
566 1913 659 1950 dare
693 1919 731 1950 te
766 1910 991 1961 quicquam.
1053 1911 1109 1946 P1.
1143 1909 1237 1947 sine.
1298 1911 1369 1947 BA.
1401 1909 1488 1947 sino
1509 1918 1548 1961 65

1092 1973 1289 2023 equidem,
1313 1973 1344 2011 si
1365 1974 1484 2012 lubet.

71 2051 138 2078 100
155 2056 330 2094 propera,
362 2045 516 2083 amabo.
578 2047 634 2083 P1.
668 2045 772 2095 prius
802 2044 866 2082 hic
896 2044 1016 2081 adero
1046 2053 1165 2090 quam
1196 2046 1235 2077 te
1263 2052 1394 2078 amare
1424 2041 1487 2078 de-

1293 2117 1487 2143 mnam.—

154 2175 218 2212 So.
250 2174 353 2214 bene
379 2188 442 2213 me
471 2174 640 2225 accipies
669 2174 962 2221 aduenientem,
992 2186 1078 2211 mea
1109 2184 1227 2210 soror.
1288 2172 1359 2208 ΒΑ.
1391 2170 1487 2220 quid

1207 2236 1270 2283 ita,
1293 2237 1488 2286 opsecro?

198 2352 239 2381 79
263 2344 398 2374 eueniat
416 2343 628 2374 Camerarius
643 2355 649 2374 :
675 2345 787 2375 ueniat
805 2344 868 2374 cod.
1006 2343 1044 2372 81
1072 2341 1246 2372 accumbet
1264 2340 1326 2371 cod.
1444 2351 1487 2380 90

154 2386 281 2416 nullum
300 2386 391 2423 Bn'x,
407 2388 460 2418 cui
473 2387 517 2418 ill·
536 2388 616 2426 quid
635 2388 704 2422 em)
723 2389 809 2418 hanc
827 2387 968 2428 displicet
1099 2397 1141 2425 94
1166 2385 1237 2415 dari
1255 2385 1327 2415 PCD
1443 2394 1485 2423 95

154 2439 195 2460 eo
206 2429 384 2461 Hermann
400 2442 406 2461 :
427 2441 492 2470 ego
503 2430 582 2469 cod.⁷
598 2431 673 2461 item
690 2431 755 2462 cod.
773 2430 986 2461 Charisii201
1006 2430 1055 2469 (cf.
1071 2439 1135 2468 ego
1148 2439 1176 2460 v.
1193 2430 1250 2467 94)
1365 2428 1485 2458 iubebo

155 2472 218 2505 cod.
241 2473 337 2504 Char.
361 2486 367 2505 ε
390 2475 489 2505 iubeo
505 2474 572 2505 cod.
713 2485 768 2504 101
796 2475 941 2514 accipies
958 2473 1110 2510 Bentley:
1135 2472 1258 2511 accipis
1273 2472 1336 2503 cod.
