1727 2712
676 129 1004 167 AVLVLARIA
1451 130 1505 167 II.
1525 129 1540 166 i

176 241 278 278 EVN.
315 246 353 278 et
391 247 445 286 tu,
487 240 756 277 (καθῇ-ΜΕ.
797 251 870 288 ego
909 238 1147 277 conueniam
1189 238 1434 285 Euclionem,
1475 238 1507 277 si

1296 304 1405 343 domi
1435 311 1504 343 cst.

172 371 243 409 sed
263 382 402 409 eccum
422 367 587 421 (uideo).
641 367 775 407 nescio
792 369 898 407 unde
919 381 1004 407 sese
1025 370 1147 407 homo
1168 368 1305 420 recipit
1327 370 1503 408 domum.

497 480 710 517 Evcmo
822 479 1177 517 MEGADORVS
1527 482 1555 519 ii

173 563 270 600 Evc.
288 560 538 611 Praesagibat
553 560 769 599 mianimus
776 561 916 598 frustra
924 560 1059 608 meite,
1070 574 1192 611 quom
1202 560 1357 600 exibam
1366 562 1507 608 domo;

171 627 303 677 itaque
323 626 483 665 abibam
505 626 652 664 inuitus
667 640 677 673 ,·
706 639 798 663 nam
819 639 949 675 neque
969 626 1179 676 quisquam
1201 626 1406 665 curialium

87 696 154 730 180
171 692 281 730 uenit
300 704 431 741 neque
452 690 634 741 magister
654 704 774 741 quem
794 690 973 729 diuidere
992 699 1198 741 argentum
1219 691 1403 741 oportuit.

171 769 278 795 nunc
298 757 463 795 domum
491 769 698 806 properare
718 769 896 806 propero,
920 769 1012 794 nam
1039 764 1196 806 egomet
1220 770 1307 795 sum
1329 756 1404 803 hic,
1427 756 1505 795 ani-

1195 835 1281 860 mus
1303 823 1412 861 domi
1434 830 1502 861 cst.

172 889 255 926 ΜΕ.
288 888 418 925 saluos
439 894 558 937 atque
578 888 810 934 fortunatus,
835 886 987 935 Euclio,
1011 900 1166 938 semper
1186 887 1271 926 sies.
1525 907 1541 938 5

172 955 269 992 EVC.
301 953 342 992 di
368 961 407 992 te
427 961 571 1000 ament,
596 954 823 1003 Megadore.
886 955 969 991 ΜΕ.
1002 953 1099 1003 quid
1126 955 1197 992 tu?
1226 961 1358 993 recten
1385 962 1504 1004 atque

1225 1027 1267 1057 ut
1287 1020 1346 1058 uis
1367 1021 1504 1058 uales?

170 1086 266 1123 Evc.
299 1097 379 1122 non
432 1083 680 1123 temerarium
733 1091 791 1122 est
847 1083 915 1122 ubi
967 1084 1078 1123 diues
1131 1085 1276 1123 blande
1331 1087 1503 1135 appellat

1274 1164 1498 1201 pauperem.

84 1217 146 1262 185
168 1215 245 1253 iam
266 1215 344 1253 illic
364 1217 487 1254 homo
507 1228 644 1253 aurum
663 1215 734 1254 scit
752 1229 814 1255 me
828 1217 986 1262 habere,
1003 1229 1050 1254 eo
1067 1229 1130 1254 me
1147 1217 1288 1254 salutat
1305 1215 1498 1254 blandius.

170 1282 251 1318 ME.
275 1280 339 1318 ain
356 1287 398 1318 tu
415 1288 453 1318 te
469 1281 629 1318 ualere?
678 1282 775 1318 EVC.
802 1282 868 1331 pol
890 1294 963 1330 ego
984 1282 1061 1318 hau
1083 1280 1256 1331 perbene
1276 1294 1298 1318 a
1319 1280 1498 1331 pecunia.

167 1346 250 1383 ΜΕ.
283 1346 349 1395 pol
379 1344 410 1383 si
440 1352 498 1383 est
527 1344 683 1384 animus
712 1359 861 1395 aequos
891 1345 972 1393 tibi,
997 1343 1127 1398 sat[is]
1158 1346 1279 1384 habes
1306 1346 1373 1396 qui
1399 1346 1501 1384 bene
1524 1362 1561 1384 10

1237 1412 1359 1450 uitam
1380 1413 1497 1450 colas.

166 1479 264 1516 EVC.
295 1491 394 1516 anus
429 1479 560 1516 hercle
593 1477 686 1516 huic
720 1477 911 1517 indicium
946 1477 1037 1517 fecit
1071 1479 1122 1516 de
1156 1491 1262 1526 auro,
1294 1478 1500 1528 perspicue

1278 1545 1406 1594 palam
1428 1551 1497 1592 est,

165 1609 259 1658 quoi
275 1621 349 1658 ego
360 1608 438 1647 iam
453 1608 627 1659 linguam
644 1608 869 1658 praecidam
881 1616 1001 1659 atque
1015 1610 1151 1647 oculos
1166 1608 1361 1647 ecfodiam
1376 1609 1496 1647 domi.

81 1685 147 1720 190
166 1675 249 1712 ME.
282 1674 378 1724 quid
399 1681 441 1712 tu
462 1675 568 1712 solus
589 1681 720 1712 tecum
742 1675 933 1724 loquere?
990 1676 1087 1712 Evc.
1120 1687 1250 1713 meam
1271 1674 1498 1725 pauperiem

1264 1753 1495 1789 conqueror.

163 1803 354 1854 uirginem
375 1805 505 1843 habeo
525 1805 727 1855 grandem,
750 1805 844 1843 dote
864 1818 1015 1843 cassam
1036 1812 1155 1855 atque
1176 1804 1440 1852 inlocabilem,

163 1883 293 1920 neque
314 1883 400 1908 eam
422 1883 526 1920 queo
548 1871 677 1908 locare
698 1870 925 1920 quoiquam.
982 1872 1065 1908 ME.
1099 1878 1194 1917 tace,
1219 1870 1369 1908 bonum
1392 1870 1495 1909 habe
1519 1885 1555 1916 15

1130 1935 1317 1982 animum,
1343 1936 1493 1974 Euclio.

161 2000 329 2048 dabitur,
351 2001 593 2040 adiuuabere
612 2015 635 2039 a
657 2014 730 2039 me.
790 2001 865 2049 dic,
888 2001 919 2039 si
940 2001 1037 2051 quid
1057 2009 1185 2051 opust,
1208 2000 1366 2051 impera.

163 2067 260 2104 Evc.
294 2079 400 2104 nunc
420 2066 528 2116 petit,
547 2080 669 2117 quom
690 2066 921 2117 pollicetur;
951 2066 1075 2104 inhiat
1095 2080 1233 2105 aurum
1255 2074 1297 2104 ut
1317 2067 1492 2105 deuoret.

80 2141 141 2178 195
161 2131 281 2169 altera
301 2144 420 2169 manu
440 2133 512 2170 fert
532 2131 714 2182 lapidem,
739 2145 881 2181 panem
903 2139 1073 2170 ostentat
1093 2133 1223 2170 altera.

209 2245 266 2276 177
291 2235 438 2279 (uideo)
455 2236 543 2267 Klett
562 2248 568 2267 ε
592 2235 778 2278 (eumpse)
793 2236 884 2266 Bach
974 2237 1029 2267 vix
1043 2237 1145 2268 iamb.
1162 2237 1312 2267 senarius
1434 2239 1495 2276 178

163 2281 207 2310 mi
229 2290 293 2310 om⁴
317 2279 404 2311 codd.
427 2280 488 2311 Cic.
506 2279 544 2310 de
558 2278 670 2311 Divin.
686 2290 712 2313 1.
727 2281 769 2318 65
877 2280 1005 2310 exirem
1031 2280 1120 2312 codd.
1140 2281 1200 2312 Cic.
1349 2281 1406 2319 185
1432 2282 1494 2311 scit

163 2333 216 2353 me
228 2323 328 2354 Bothe
343 2336 349 2354 :
374 2335 427 2354 me
445 2325 508 2354 scit
519 2323 584 2354 cod.
701 2325 762 2354 186
785 2334 804 2353 a
821 2324 966 2363 pecunia
984 2325 1134 2363 perbene
1147 2324 1212 2356 cod.
1233 2337 1239 2355 :
1263 2335 1340 2356 cort.
1360 2325 1495 2355 Gm'etus

168 2377 221 2405 191
250 2368 325 2397 item
343 2367 431 2398 codd.
448 2367 551 2397 Nonii
566 2377 618 2406 45,
637 2377 722 2406 340:
749 2367 849 2397 filiam
868 2367 978 2398 habeo
995 2369 1169 2407 grandem,
1188 2378 1282 2399 cassa
1297 2370 1377 2399 dote
1391 2374 1492 2408 atque

163 2411 329 2441 inlocabili
347 2410 434 2441 codd.
459 2411 616 2441 Varronis
632 2410 669 2440 de
686 2411 724 2441 L.
741 2409 779 2441 L.
800 2421 829 2450 5,
855 2421 891 2451 14
