1727 2702
163 126 268 165 11.1i
651 122 697 159 T.
733 118 913 158 MACCI
946 117 1150 155 PLAVTI

238 250 344 276 nunc
365 236 395 275 si
417 243 549 287 patera
570 240 743 284 pateram
765 229 926 282 peperit,
949 240 1088 267 omnes
1108 224 1484 277 congeminauimus.

238 304 321 341 ΑΜ.
353 310 502 340 certum
525 307 581 338 est
607 297 756 348 aperire
775 303 894 345 atque
915 293 1118 344 inspicere.
1177 293 1242 330 So.
1275 290 1366 329 uide
1391 289 1442 327 sis
1469 286 1568 338 signi

1367 353 1462 404 quid
1485 352 1568 399 sict,

239 447 289 473 ne
309 431 502 484 posterius
522 430 561 468 in
584 442 647 467 me
667 428 824 478 culpam
845 425 1034 463 conferas.
1095 423 1176 460 ΑΜ.
1208 420 1312 470 aperi
1335 420 1455 457 modo
1472 433 1481 464 ;

240 512 330 537 nam
352 499 450 536 haec
471 495 631 546 quidem
654 505 726 531 nos
747 489 947 530 delirantis
968 489 1095 527 facere
1116 485 1230 525 dictis
1251 485 1431 536 postulat.

162 571 224 604 160
243 566 315 601 AL.
348 563 453 600 unde
470 562 567 599 haec
584 558 698 608 igitur
713 563 771 595 est
787 554 861 593 nisi
877 567 946 605 aps
963 561 1001 592 te
1017 565 1118 602 quae
1140 550 1234 589 mihi
1251 550 1359 588 dono
1375 549 1466 587 data
1481 548 1569 585 est?
1589 554 1658 590 790

243 629 324 665 ΑΜ.
351 628 442 677 opu'
459 625 510 663 mi
528 631 586 663 est
607 623 706 661 istuc
723 619 927 671 exquisito.
978 620 1042 657 So.
1078 615 1265 666 Iuppiter,
1283 627 1352 664 pro
1375 612 1569 663 Iuppiter!

242 694 323 730 AM.
356 691 452 741 quid
473 689 544 728 tibi
565 690 652 728 est?
708 689 772 726 So.
806 685 869 724 hic
896 691 1029 735 patera
1057 683 1164 720 nulla
1184 680 1223 718 in
1244 679 1428 718 cistulast.
1488 679 1570 715 AM.

1216 744 1312 795 quid
1333 757 1406 794 ego
1425 742 1574 781 audio?

241 824 306 861 So.
349 821 387 860 id
427 821 536 871 quod
576 825 761 857 uerumst.
831 818 913 854 AM.
950 821 989 852 at
1028 826 1118 852 cum
1159 809 1331 849 cruciatu
1370 808 1458 855 iam,
1500 805 1573 844 nisi

1288 880 1460 925 apparet,
1492 879 1572 910 tuo.

243 955 316 992 Ar..
353 953 450 990 haec
490 950 651 1000 quidem
691 954 862 998 apparet.
924 947 1004 983 AM.
1042 942 1129 993 quis
1169 941 1283 992 igitur
1322 938 1391 978 tibi
1434 937 1574 977 dedit?

1158 1009 1230 1045 AL.
1263 1005 1330 1056 qui
1361 1017 1423 1043 me
1452 1010 1570 1053 rogat.

168 1091 225 1131 165
245 1086 309 1122 So.
343 1096 405 1121 me
425 1088 570 1132 captas,
593 1078 685 1130 quia
706 1085 788 1116 tute
808 1077 858 1115 ab
880 1074 971 1113 naui
993 1074 1215 1113 clanculum
1237 1073 1315 1110 huc
1335 1069 1410 1108 alia
1431 1069 1493 1107 uia
1593 1074 1658 1112 795

245 1146 551 1199 praecucurristi,
574 1152 693 1194 atque
714 1142 806 1181 hinc
827 1148 1001 1192 pateram
1023 1146 1105 1177 tute
1127 1136 1303 1176 exemisti
1323 1143 1442 1186 atque
1461 1147 1547 1174 eam

245 1213 336 1251 huic
357 1211 511 1257 dedisti,
536 1210 743 1260 posthanc
765 1219 897 1245 rusum
919 1203 1133 1256 opsignasti
1155 1203 1390 1241 clanculum.

247 1281 328 1316 ΑΜ.
361 1277 395 1316 ei
417 1276 512 1314 mihi
530 1278 536 1312 1
567 1274 644 1312 iam
667 1281 707 1311 tu
730 1284 890 1323 quoque
910 1270 1040 1308 huiius
1061 1269 1226 1308 adiuuas
1248 1266 1469 1306 insaniam?

245 1343 309 1382 ain
331 1342 411 1380 heri
434 1354 506 1379 nos
526 1338 736 1378 aduenisse
757 1338 864 1375 huc?
922 1338 992 1373 AL.
1025 1335 1098 1380 aio,
1122 1333 1420 1381 adueniensque
1441 1329 1530 1368 ilico

168 1426 228 1460 ¹70
249 1422 310 1446 me
331 1404 558 1451 salutauisti‚
582 1412 619 1442 et
640 1416 713 1454 ego
735 1410 783 1449 te,
806 1409 843 1440 et
865 1402 1042 1439 osculum
1066 1398 1174 1437 tetuli
1197 1397 1277 1436 tibi.
1595 1392 1667 1427 800

248 1474 331 1510 ΑΜ.
363 1471 438 1509 iam
479 1469 575 1507 illud
614 1480 694 1506 non
734 1468 861 1517 placet
901 1463 1135 1515 principium
1171 1464 1221 1502 de
1255 1463 1400 1501 osculo.
1460 1472 1577 1511 perge

1405 1524 1574 1575 exsequi.

248 1604 321 1641 AL.
362 1600 501 1639 lauisti.
562 1601 644 1638 AM.
681 1597 777 1648 quid
817 1604 1026 1647 postquam
1067 1595 1177 1634 laui?
1234 1596 1305 1632 AL.
1347 1589 1576 1630 accubuisti.

1152 1661 1215 1698 So.
1248 1671 1370 1708 eugae
1390 1664 1552 1706 optume
1571 1655 1578 1691 !

251 1746 355 1771 nunc
375 1730 544 1781 exquire.
605 1731 686 1767 AM.
721 1742 769 1767 nc
791 1728 1004 1778 interpella.
1063 1739 1180 1776 perge
1202 1736 1317 1775 porro
1337 1722 1477 1761 dicere.

251 1800 323 1836 AL.
355 1810 453 1836 cena
472 1795 653 1846 adposita
668 1802 726 1832 est
742 1809 750 1841 ;
779 1793 968 1832 cenauisti
991 1805 1157 1837 mecum,
1177 1803 1249 1839 ego
1264 1786 1429 1827 accubui
1451 1785 1577 1824 simul.

175 1877 234 1911 ¹75
253 1865 334 1901 AM.
367 1862 405 1900 in
434 1862 576 1900 eodem
604 1859 736 1898 lecto?
794 1861 864 1896 Ar..
898 1858 936 1895 in
964 1858 1117 1896 eodem.
1178 1857 1241 1893 So.
1274 1853 1320 1900 ei,
1344 1865 1423 1890 non
1453 1852 1580 1901 placet
1600 1850 1665 1894 805

1338 1914 1579 1956 conuiuium.

253 1995 334 2032 AM.
365 1992 448 2030 sine
465 1992 586 2030 modo
599 1997 828 2040 argumenta
841 1988 956 2027 dicat.
998 1986 1093 2037 quid
1109 1992 1315 2035 postquam
1331 1980 1583 2020 cenauimus?

253 2060 326 2097 AL.
359 2066 396 2096 te
430 2056 641 2096 dormitare
675 2055 810 2100 aibas;
849 2065 983 2091 mensa
1011 2051 1143 2090 ablata
1176 2057 1245 2096 est,
1279 2046 1455 2086 cubitum
1491 2044 1583 2082 hinc

1400 2110 1581 2149 abiimus.

301 2229 364 2267 786
400 2232 549 2267 pateram
583 2229 698 2264 patera
730 2222 796 2253 cod.
833 2223 924 2253 (recte
955 2220 1006 2257 D)
1161 2218 1222 2257 787
1259 2214 1476 2253 uidessisigni
1514 2211 1580 2244 cod.

258 2271 320 2310 789
335 2272 416 2310 sort.
437 2269 536 2301 dictis
561 2268 670 2299 facere
685 2266 817 2306 savenre
841 2264 1075 2296 adliueratsone
1190 2270 1252 2300 793
1276 2264 1344 2290 tum
1370 2257 1581 2288 crutiatuiam

257 2315 321 2346 cod.
344 2317 371 2354 (t
384 2320 486 2355 proc,
505 2313 513 2342 1
528 2317 588 2352 pro
601 2312 629 2350 j)
765 2320 823 2348 797
851 2309 937 2338 hanc
955 2306 1117 2346 Spengel:
1143 2305 1202 2335 hac
1220 2302 1283 2334 md.
1392 2303 1449 2331 801
1480 2310 1582 2340 perge

259 2357 409 2389 Muretus
426 2369 432 2387 t
458 2365 596 2396 pergam
614 2353 691 2387 cod..
712 2353 767 2382 vis
785 2356 857 2383 mle
