1727 2712
617 290 853 337 ACTVS
908 289 924 335 I

361 402 688 439 PALINVRVS
800 403 1191 438 PHAEDROMVS

108 500 180 537 ΡΑ.
213 501 306 548 Quo
327 500 394 538 ted
415 501 491 538 hoc
513 499 640 538 noctis
660 499 791 538 dicam
812 498 1007 550 proficisci
1028 500 1130 537 foras

108 578 199 603 cum
220 564 319 603 istoc
340 572 479 603 ornatu
500 579 671 615 cumque
691 566 766 603 hac
785 577 946 616 pompa,
968 564 1245 602 Phaedrome?

110 631 184 667 PH.
216 643 296 679 quo
317 630 445 667 Venu'
466 629 706 679 Cupidoque
726 629 903 679 imperat,
921 629 1141 678 suadetque
1161 630 1286 667 Amor
1303 643 1311 666 ε

108 693 140 732 si
161 693 292 733 media
312 708 390 732 nox
411 701 469 732 est
489 693 572 732 siue
593 701 650 732 est
670 693 798 744 prima
821 707 995 744 uespera,

69 768 87 805 5
107 758 139 798 si
159 760 286 807 statu',
306 758 513 797 condictus
535 772 625 797 curn
647 760 760 797 hoste
780 757 987 797 intercedit
1007 758 1103 805 dies,

107 832 239 862 tamen
260 831 318 862 est
339 825 515 862 eundum
536 837 616 874 quo
636 823 830 874 imperant
850 822 1033 874 ingratiis.

108 892 175 927 ΡΑ.
207 897 247 928 at
267 890 439 928 tandem.
465 890 760 928 tandem-PH.
793 889 955 927 tandem
976 902 1016 926 es
1037 887 1199 926 odiosus
1224 887 1331 927 mihi.

107 956 176 992 ΡΑ.
208 954 308 992 istuc
328 954 491 1005 quidem
512 968 585 992 nec
606 955 754 993 bellum
775 962 833 993 est
854 967 927 992 nec
948 952 1203 992 memorabile
1223 969 1229 992 :

107 1026 190 1059 tute
210 1018 280 1057 tibi
301 1033 397 1069 puer
417 1033 469 1066 es,
492 1020 621 1058 lautus
642 1020 749 1057 luces
769 1032 937 1057 cereum.

49 1092 90 1119 10
108 1086 181 1121 PH.
214 1097 316 1134 egon
335 1083 578 1135 apicularum
598 1097 717 1134 opera
736 1091 966 1134 congestum
989 1097 1069 1122 non
1090 1084 1210 1122 feram

106 1163 153 1187 ex
173 1148 279 1187 dulci
300 1149 511 1188 oriundum
533 1150 704 1188 melculo
724 1147 830 1187 dulci
852 1149 970 1187 meo?

106 1216 174 1252 ΡΑ.
207 1228 299 1253 nam
320 1228 400 1264 quo
421 1222 458 1253 te
478 1214 609 1253 dicam
630 1228 703 1265 ego
723 1214 809 1253 ire?
866 1215 940 1251 PH.
973 1213 1005 1251 si
1025 1221 1066 1252 tu
1088 1227 1151 1252 me
1171 1227 1292 1264 roges,

104 1278 234 1318 dicam
255 1287 297 1318 ut
317 1279 427 1318 scias.
487 1281 555 1317 ΡΑ.
588 1279 620 1318 si
641 1278 816 1329 rogitem,
839 1278 935 1329 quid
956 1279 1227 1329 respondeas?

108 1346 180 1382 PH.
213 1345 289 1383 hoc
310 1344 523 1395 Aesculapi
544 1346 679 1383 fanum
701 1352 770 1383 est.
830 1346 900 1381 PA.
931 1345 1019 1394 plus
1039 1343 1116 1381 iarn
1138 1357 1244 1383 anno
1264 1343 1355 1383 scio.

48 1422 86 1460 15
107 1411 180 1447 PH.
213 1409 305 1448 huic
324 1423 561 1459 proxumum
581 1409 679 1448 illud
699 1409 880 1448 ostiumst
901 1408 1195 1447 oculissumum.

107 1476 224 1521 salue,
247 1474 464 1513 ualuistin?
521 1477 589 1513 ΡΑ.
623 1474 768 1513 ostium
790 1473 1130 1520 occlusissumum‚

105 1539 280 1578 caruitne
300 1539 418 1578 febris
439 1547 484 1578 te·
497 1539 579 1578 heri
600 1540 663 1578 uel
684 1538 966 1577 nudiustertius

105 1612 144 1643 et
164 1604 247 1644 heri
267 1604 541 1643 cenauistine?
599 1607 673 1642 PH.
707 1603 914 1643 deridesne
936 1606 1028 1642 me?

108 1671 176 1708 ΡΑ.
208 1669 305 1720 quid
326 1678 367 1709 tu
388 1684 493 1721 ergo,
514 1669 661 1716 insane,
685 1669 827 1719 rogitas
848 1671 1028 1710 ualeatne
1049 1670 1223 1709 ostium?

45 1746 89 1772 20
107 1737 182 1773 ΡΗ.
214 1735 487 1774 bellissumum
513 1736 645 1773 hercle
667 1733 750 1772 uidi
770 1742 808 1773 et
829 1734 1209 1783 taciturnissumum,

105 1814 324 1851 numquam
345 1802 468 1839 ullum
490 1801 655 1839 uerbum
678 1799 809 1838 muttit
828 1815 835 1838 ε
866 1813 986 1850 quom
1008 1801 1178 1852 aperitur
1197 1808 1310 1849 tacet,

105 1878 227 1915 quom
248 1864 314 1903 illa
333 1873 454 1904 noctu
476 1866 699 1903 clanculum
721 1865 773 1903 ad
794 1878 858 1903 me
879 1864 969 1913 exit,
990 1873 1103 1904 tacet.

152 1979 165 1998 1
193 1969 255 2000 hoc
279 1969 344 2000 cod.
373 1969 516 2001 Charisii
539 1980 609 2008 112,
638 1969 724 2001 codd.
752 1969 866 2000 Dt'om.
889 1980 973 2009 441:
1000 1969 1062 2000 hac
1086 1969 1151 2000 cod.
1308 1980 1328 2010 3
1353 1971 1443 2010 cupi-

105 2012 216 2052 doque
232 2012 323 2043 codd.
340 2012 443 2043 Nom'i
457 2023 530 2052 421,
550 2013 645 2044 schol.
668 2013 758 2053 Vevg.
771 2013 818 2044 A.
831 2025 861 2052 4,
880 2023 938 2053 194
954 2025 961 2052 3
987 2014 1107 2053 cupido
1119 2012 1184 2043 cod.
1277 2014 1443 2052 imperant

105 2054 245 2095 Pylades
332 2057 452 2087 suadet
477 2056 533 2095 ΒῙ7
561 2056 655 2087 schol.
686 2055 781 2097 Verg.
916 2058 937 2087 6
960 2058 1128 2096 imperant
1153 2057 1218 2087 cod.
1250 2056 1338 2087 Festi
1356 2067 1442 2096 314:

105 2098 248 2138 imperat
273 2099 339 2131 cod.
481 2110 520 2130 10
544 2101 649 2141 egon]
676 2110 740 2139 ego
764 2110 840 2130 nam
863 2100 952 2132 codd.
977 2099 1144 2131 Prisciani
1165 2110 1192 2139 1,
1216 2110 1273 2140 107
1365 2111 1441 2132 con-

104 2146 240 2181 gestum
262 2153 364 2182 opera
387 2142 490 2173 Bothe
628 2154 661 2173 11
689 2143 857 2174 melliculo
883 2144 947 2175 cod.
978 2144 1031 2185 (qfi
1062 2144 1134 2175 Cas.
1159 2145 1220 2183 837
1239 2144 1441 2175 melliculum

101 2190 163 2225 pro
179 2186 359 2217 melculum
375 2187 417 2220 Ρ)
514 2196 562 2223 12,
582 2196 619 2225 13
643 2188 670 2218 si
684 2211 691 2218 .
708 2211 715 2218 .
732 2211 740 2218 .
760 2188 847 2218 scias
863 2186 1027 2218 Palinuro
1044 2189 1212 2218 conlimtat
1227 2187 1307 2226 cod„
1324 2192 1361 2217 nt
1376 2187 1439 2219 vid.

109 2239 146 2268 13
170 2230 197 2259 si
215 2228 323 2271 (ego)
341 2229 500 2260 Bosscher
517 2229 574 2259 ‘de
591 2229 700 2261 Cure!
721 2243 739 2270 4
911 2233 1014 2270 15—16
1040 2230 1129 2262 Huic
1147 2256 1154 2262 .
1174 2256 1181 2262 .
1202 2236 1254 2261 est
1271 2231 1354 2262 ocul.
1375 2236 1438 2263 ost.

105 2271 244 2304 Amicae
261 2274 314 2313 (ex
329 2273 411 2304 Fesl.
431 2274 506 2312 178)
525 2271 610 2315 (ΡΑ.
631 2274 712 2304 mihi
726 2274 860 2305 uidetur
876 2274 1024 2317 occlus.)
1043 2274 1106 2305 PH.
1129 2275 1250 2305 Salue.
1267 2299 1274 2305 .
1291 2273 1441 2318 (usque)

106 2315 192 2347 ocul.
212 2322 276 2348 ost.
298 2316 394 2347 Goetz
529 2326 566 2355 15
591 2318 746 2348 ostiumst
770 2317 965 2349 Fleckeisen:
1005 2319 1129 2348 ostium
1155 2317 1220 2349 cod.
1322 2318 1440 2349 oculis-

106 2359 226 2390 simum
250 2360 367 2390 Festus
393 2361 453 2399 178
481 2361 528 2400 fef
547 2359 680 2391 Paulus
703 2361 839 2392 Diam:
864 2362 1132 2393 occlusissimum
1155 2361 1222 2393 cod.
1250 2361 1303 2401 (ex
1325 2372 1354 2393 v.
1386 2362 1440 2401 16)

108 2412 148 2432 22
163 2413 304 2442 cumque
313 2403 452 2442 Pylades
462 2405 528 2443 ,cui
535 2404 645 2435 hiatus
656 2415 756 2445 quom
769 2405 772 2445 ἶ
787 2405 841 2436 illa
856 2405 1008 2445 displicet:
1023 2417 1067 2436 an
1079 2411 1112 2436 et
1124 2407 1241 2445 quom?
1258 2407 1268 2444 (ζ
1274 2411 1376 2445 praec.
1391 2406 1440 2446 et)

1463 400 1531 439 Li

1460 1097 1499 1122 10

1460 1421 1498 1455 15

1459 1746 1501 1771 20
