1727 2712
687 106 1012 146 BACCHIDES
1448 109 1518 146 IV.
1540 108 1617 146 viii

184 217 340 268 pacisce
359 217 528 269 quiduis.
589 219 667 259 CH.
700 218 767 257 ibo
787 226 825 258 et
845 218 986 257 faciam
1008 221 1157 258 sedulo.
1536 235 1579 266 30

183 283 280 334 quid
296 284 473 322 clamas?
510 285 581 323 CL.
605 283 673 322 ubi
689 297 776 323 erus
793 291 881 322 tuos
897 286 986 322 est?
1024 285 1101 323 CH.
1125 298 1332 335 nusquam.
1370 285 1514 324 nescio.

184 348 243 387 uis
264 347 335 387 tibi
355 349 549 387 ducentos
570 362 756 387 nummos
776 348 854 386 iam
875 348 1104 399 promittier‚

183 420 226 452 ut
246 427 296 451 ne
316 414 530 452 clamorem
551 414 615 452 hic
635 413 753 452 facias
774 427 851 452 neu
873 414 1131 454 conuicium?

96 485 162 530 875
182 480 253 519 CL.
285 478 383 517 nihil
411 487 470 518 est
499 481 609 530 quod
637 479 782 518 malim.
843 480 920 520 CH.
952 488 1071 531 atque
1097 488 1140 520 ut
1166 481 1238 520 tibi
1265 483 1367 520 mala
1392 483 1515 521 multa

1311 547 1483 598 ingeram
1498 549 1515 586 ?

179 610 250 650 CL.
283 618 352 649 tuo
371 610 569 649 arbitratu.
629 612 667 648 N
672 623 695 649 1.
728 618 771 649 ut
790 611 1068 650 subblanditur
1087 613 1296 651 carnufex!
1532 629 1574 661 35

179 677 256 715 CH.
289 683 398 726 pater
418 676 482 715 hic
504 676 743 715 Mnesilochi
764 684 822 715 est
838 691 847 724 3
876 690 1052 727 sequere,
1075 677 1105 716 is
1126 677 1328 728 promittet
1349 678 1430 717 tibi.

177 749 219 780 tu
239 754 377 779 aurum
399 749 559 791 rogat03
587 749 761 780 ceterum
783 742 949 780 uerbum
971 750 1029 781 sat
1050 750 1118 781 est.

178 807 216 845 N
221 817 245 845 1.
277 806 373 857 quid
394 807 466 845 fit?
523 807 600 846 CH.
632 806 814 846 ducentis
835 807 1027 858 Philippis
1048 822 1130 846 rem
1151 807 1292 859 pepigi.
1353 809 1391 847 N
1397 821 1419 847 1.
1447 810 1509 856 ah,

1407 875 1509 912 salus

92 944 160 979 880
178 950 276 985 mea,
299 936 504 976 seruauisti
524 950 598 976 me.
658 950 777 987 quam
799 951 891 976 mox
911 937 1002 977 dico
1025 942 1033 958 ‘
1047 939 1153 977 dabo
1167 940 1204 977 '?

178 1003 256 1042 CH.
288 1016 381 1053 roga
401 1003 507 1041 hunc
528 1010 580 1049 tu,
604 1009 645 1040 tu
666 1002 852 1053 promitte
873 1003 975 1042 huic.
1037 1005 1102 1042 Νι.
1136 1003 1337 1055 promitto,
1358 1017 1459 1054 roga.
1527 1018 1571 1050 40

177 1068 247 1107 CL.
280 1068 473 1106 ducentos
494 1080 680 1105 nummos
700 1080 839 1106 aureos
862 1068 1065 1118 Philippos
1085 1069 1232 1118 probos

175 1131 327 1171 dabin?
384 1132 460 1171 CH.
497 1132 741 1171 ‘dabuntur'
762 1132 892 1183 inque.
952 1135 1159 1183 responde.
1220 1135 1257 1172 N
1264 1147 1286 1172 1.
1320 1135 1436 1173 dabo.

175 1197 252 1237 CH.
285 1197 381 1247 quid
401 1210 519 1245 nunc,
542 1197 710 1248 inpure?
739 1198 934 1248 numquid
955 1199 1121 1237 debetur
1141 1199 1242 1237 tibi?

87 1268 154 1313 885
174 1261 270 1311 quid
290 1262 345 1300 illi
365 1263 595 1301 molestu's?
623 1263 720 1313 quid
741 1263 850 1302 illum
872 1271 997 1302 morte
1018 1264 1197 1302 territas?

172 1334 211 1365 et
231 1340 304 1377 ego
325 1335 362 1366 te
383 1335 421 1366 et
442 1328 506 1366 ille
527 1336 745 1367 mactamus
766 1328 992 1367 infortunio.
1523 1343 1565 1375 45

172 1392 203 1430 si
224 1392 295 1430 tibi
316 1400 374 1431 est
395 1394 612 1440 machaera,
635 1401 674 1431 at
695 1393 809 1432 nobis
831 1394 1029 1432 ueruinast
1051 1394 1183 1433 domi:

171 1470 249 1507 qua
269 1457 431 1508 quidem
453 1466 491 1497 te
512 1458 665 1506 faciam,
688 1458 719 1496 si
740 1466 781 1497 tu
803 1472 866 1497 me
887 1458 1115 1506 inrstaueris,

170 1523 453 1561 confossiorem
475 1523 642 1561 soricina
663 1522 789 1561 nenia.

84 1591 153 1635 890
170 1587 248 1625 iam
268 1589 420 1627 dudum
443 1589 573 1626 hercle
594 1587 779 1638 equidem
801 1588 928 1628 sentio
949 1589 1121 1639 suspicio

170 1666 271 1703 quae
291 1660 329 1691 te
350 1653 531 1692 sollicitet
549 1669 555 1691 ε
586 1666 676 1691 eum
698 1666 783 1692 esse
803 1666 893 1691 cum
915 1653 980 1692 illa
1001 1654 1172 1693 muliere.
1521 1672 1565 1703 50

169 1718 239 1757 CL.
272 1717 394 1756 immo
415 1726 473 1756 est
493 1731 664 1768 quoque.
725 1719 802 1757 CH.
835 1718 887 1756 ita
908 1733 971 1758 me
993 1720 1184 1770 Iuppiter,
1205 1721 1318 1768 Iuno,
1342 1721 1472 1769 Ceres,

170 1782 362 1829 Minerua,
387 1784 497 1830 Lato,
521 1784 632 1833 Spes,
654 1783 765 1833 Opis,
787 1783 935 1831 Virtus,
955 1786 1102 1831 Venus,

169 1847 318 1894 Castor,
345 1849 536 1895 Polluces,
563 1849 682 1895 Mars,
706 1848 938 1895 Mercurius,
962 1850 1169 1896 Hercules,

81 1915 146 1959 895
168 1912 418 1961 Summanus,
441 1914 518 1960 Sol,
541 1914 731 1951 Saturnus
751 1912 872 1964 dique
892 1926 1030 1952 omnes
1050 1922 1195 1961 ament,

167 1983 210 2015 ut
230 1976 293 2016 ille
313 1990 404 2015 cum
425 1977 490 2016 illa
509 1991 640 2028 neque
659 1978 779 2017 cubat
799 1991 929 2028 neque
948 1979 1125 2017 ambulat
1516 1995 1557 2029 55

167 2055 296 2092 neque
316 2043 514 2081 osculatur
534 2056 664 2093 neque
684 2042 781 2082 illud
805 2045 914 2093 quod
935 2043 1013 2082 dici
1035 2046 1145 2083 solet.

167 2107 233 2144 N1.
266 2115 308 2145 ut
328 2107 427 2146 iurat
445 2110 451 2145 ἒ
482 2115 611 2146 seruat
631 2121 695 2146 me
715 2107 780 2146 ille
800 2108 880 2147 suis
900 2108 1087 2159 periuriis.

208 2211 272 2250 873
296 2211 355 2242 uin
372 2210 503 2251 Morus,
523 2212 577 2242 cui
589 2211 731 2252 displicet
740 2213 792 2244 uis
809 2213 842 2243 in
859 2213 949 2243 initio
965 2213 1226 2253 interrogationis
1367 2216 1431 2255 879
1455 2216 1495 2246 ah

165 2253 288 2285 Bothe:
322 2255 386 2285 uah
419 2255 482 2288 cod.
617 2256 682 2286 880
706 2257 851 2287 seruasti
883 2256 946 2288 cod.
1084 2258 1147 2296 885
1172 2258 1252 2296 quia
1285 2258 1376 2289 illum
1408 2259 1473 2291 cod.
1489 2271 1496 2290 ε

165 2309 242 2329 corr.
264 2297 476 2330 Camerarius
644 2300 708 2329 886
731 2299 780 2330 vel
794 2299 837 2330 ill'
994 2301 1056 2339 887
1082 2306 1115 2331 at
1132 2302 1206 2341 (ad)
1227 2301 1289 2331 cod.
1310 2302 1398 2333 Festi
1413 2304 1469 2333 161
1488 2315 1494 2335 :

165 2347 198 2372 et
215 2341 280 2372 cod.
415 2343 480 2373 888
503 2343 622 2374 faciam
640 2343 683 2380 si]
712 2343 849 2374 reddam
868 2342 968 2386 u<bi>
978 2344 1091 2374 Festus
1111 2346 1166 2374 161
1322 2347 1385 2385 893
1412 2346 1495 2377 Lato

165 2385 278 2415 testari
289 2384 419 2416 videtur
431 2385 536 2416 Varro
553 2385 651 2426 Ling.
671 2385 747 2417 Lat.
765 2397 793 2426 7,
816 2389 853 2417 16
873 2399 878 2417 :
905 2387 1034 2418 Latona
1051 2388 1115 2419 cod.
1139 2390 1204 2424 (i-e.
1227 2389 1391 2429 Minerua,
1414 2390 1450 2421 L.
1466 2393 1494 2431 ³)

165 2431 227 2469 897
252 2430 461 2460 auscultatur
477 2429 542 2461 cod.
566 2431 643 2470 (pro
659 2431 863 2468 ausculatur,
881 2432 1017 2472 antiqua
1026 2431 1160 2473 forma)
