1727 2712
700 83 1026 124 BACCHIDES
1450 82 1520 121 IV.
1542 83 1587 120 ix

193 195 324 243 armis,
344 195 466 246 equis,
489 195 659 234 exercitu
679 202 798 245 atque
819 194 968 233 eximiis
989 194 1244 233 bellatoribus

171 261 770 319 ‚fflffietrfflenumeranauium
791 263 962 300 decumo
982 274 1088 299 anno
1109 268 1198 311 post
1218 260 1466 311 subegerunt.

193 340 275 383 rign
292 322 756 400 peQTuit
772 334 908 377 praeut
924 324 998 376 ego
1013 339 1122 364 erum
1139 326 1375 376 expugnabo
1391 338 1523 364 meum
1545 338 1561 370 5

105 408 176 444 930
194 384 422 431 sineTeTasse
443 406 607 443 sineque
627 391 797 431 exercitii
819 400 857 431 et
878 399 987 430 tanto
1007 405 1173 430 numero
1194 391 1373 429 militum.

193 457 292 508 cepi,
315 458 535 508 expugnaui
556 457 703 496 amanti
723 457 805 496 erili
826 456 907 495 filio
926 470 1065 495 aurum
1085 456 1136 495 ab
1157 470 1229 495 suo
1249 463 1368 506 patre.

192 536 299 561 nunc
319 522 423 573 prius
440 536 559 573 quam
576 524 654 561 huc
670 536 789 561 senex
804 521 924 568 uenit,
942 521 1052 576 lubet
1067 521 1270 560 lamentari
1287 522 1382 560 dum
1399 527 1521 559 exeat.

192 603 217 628 o
237 588 366 635 Troia,
389 602 413 626 o
434 588 567 638 patria,
591 602 615 627 o
637 589 888 640 Pergamum}
905 600 929 625 o
951 580 1104 625 Priame
1125 586 1270 637 periisti
1292 600 1424 634 senex,
1472 583 1490 635 ’χ

192 653 259 704 qui
281 653 421 692 misere
442 654 542 691 male
564 653 787 691 mulcabere
808 651 1074 703 quadrigentis
1097 651 1287 702 Philippis
1307 651 1444 690 aureis.
1544 665 1585 687 10

103 732 170 769 935
192 733 284 757 nam
305 732 378 769 ego
398 719 468 757 has
490 719 652 757 tabellas
673 718 909 768 opsignatas,
932 717 1181 768 consignatas
1202 731 1300 767 quas
1321 718 1402 755 fero

191 798 271 823 non
293 792 384 822 sunt
405 785 581 830 tabellae,
605 785 675 823 sed
695 797 820 834 equos
841 797 960 834 quem
983 783 1123 822 misere
1143 782 1287 821 Achiui
1308 782 1492 833 ligneum.

191 846 332 900 Epiiist
371 849 608 888 Pistoclerus
625 864 632 887 ε
679 850 730 888 ab
769 863 818 888 eo
855 850 954 888 haec
993 856 1174 899 sumptae
1189 863 1199 896 ‚-
1248 847 1521 886 Mnesilochus

1346 913 1442 952 Sino
1463 920 1521 952 est

188 980 356 1027 relictus,
379 981 497 1018 ellum
519 994 600 1018 non
621 979 660 1018 in
682 980 799 1018 busto
821 979 975 1026 Achilli,
999 981 1069 1018 sed
1090 979 1129 1017 in
1152 980 1255 1017 lecto
1275 978 1466 1026 accubat;

190 1045 430 1084 Bacchidem
451 1045 570 1084 habet
591 1059 749 1083 secum:
781 1046 844 1083 ille
865 1044 958 1083 olim
979 1044 1117 1083 habuit
1133 1044 1263 1094 ignem
1281 1043 1348 1094 qui
1364 1043 1518 1094 signum
1542 1059 1579 1091 15

1300 1086 1375 1124 (-
1397 1111 1516 1156 daret,

102 1191 172 1226 940
189 1178 297 1215 hunc
325 1176 454 1226 ipsum
487 1175 610 1214 exurit
626 1190 636 1223 ,·
665 1189 738 1226 ego
765 1189 850 1213 sum
874 1175 1018 1221 Vlixes,
1041 1174 1197 1224 quoiius
1228 1174 1393 1213 consilio
1423 1175 1521 1213 haec

299 1260 338 1269 ’-
527 1239 533 1242 ’
1370 1246 1518 1290 gerunt.

189 1316 272 1346 tum
307 1320 409 1358 quae
442 1306 506 1345 hic
540 1313 631 1344 sunt
670 1305 836 1356 scriptae
870 1305 1030 1351 litterae,
1067 1306 1144 1344 hoc
1179 1305 1217 1343 in
1252 1319 1356 1355 equo
1390 1306 1524 1343 insunt

1381 1370 1523 1408 milites

188 1438 326 1478 armati
357 1446 476 1488 atque
510 1436 671 1476 animati
705 1434 840 1487 probe'.
862 1456 866 1460 -
911 1436 963 1474 ita
998 1450 1057 1475 res
1088 1435 1276 1475 successit
1310 1435 1363 1474 mi
1397 1449 1523 1486 usque

727 1510 744 1513 ”
773 1545 776 1547 Α
1377 1502 1545 1554 adhud„

187 1578 307 1621 atque
326 1569 390 1609 hic
418 1561 541 1620 equos
569 1581 650 1607 non
678 1566 718 1606 in
747 1570 1049 1626 arcemss‘uerum
1081 1566 1120 1605 in
1150 1580 1280 1606 arcam
1310 1566 1426 1605 faciet
1455 1566 1522 1604 im-

1003 1674 1006 1675 ?
1358 1639 1493 1683 petum
1513 1647 1520 1670 ε

188 1703 363 1752 exitium,
379 1704 586 1750 excidium,
606 1701 810 1741 exlecebra
832 1701 898 1738 fiet
919 1698 982 1737 hic
1004 1711 1128 1748 equos
1148 1696 1268 1736 hodie
1287 1711 1382 1735 auro
1403 1696 1523 1749 senis..
1540 1715 1581 1736 20

100 1779 167 1814 945
188 1777 323 1809 nostro
343 1770 427 1809 seni
448 1770 540 1808 huic
562 1768 717 1814 stolido,
741 1767 775 1806 ei
798 1767 975 1817 profecto
996 1776 1143 1802 nomen
1163 1762 1265 1801 facio
1286 1776 1359 1813 ego
1381 1762 1456 1801 Ilio
1472 1778 1481 1810 3

187 1834 299 1874 miles
321 1836 557 1881 Menelaust‚
581 1847 654 1883 ego
675 1835 935 1887 Agamemno,
960 1830 1065 1890 id-{m
1087 1827 1219 1866 Vlixes
1245 1827 1410 1874 Lartius,

187 1900 478 1940 Mnesilochust
499 1899 735 1945 Alexander,
756 1897 823 1948 qui
845 1896 915 1935 erit
937 1888 1054 1935 exitio
1075 1893 1129 1932 rei
1150 1893 1296 1943 patriae
1317 1906 1409 1932 suae
1426 1908 1435 1941 3

185 1963 216 2003 is
238 1967 437 2005 Helenam
458 1964 599 2012 auexit,
622 1963 741 2014 quoia
760 1975 899 2001 caussa
920 1974 1024 1999 nunc
1046 1959 1147 1998 facio
1168 1958 1366 2009 opsidium
1390 1958 1473 1997 Ilio.

229 2071 293 2109 928
317 2070 406 2110 cum]
427 2074 504 2110 post
528 2069 560 2099 A
592 2070 635 2110 (v.
655 2068 689 2107 4)
878 2078 943 2107 929
968 2072 1139 2098 tormento
1155 2065 1189 2097 P
1204 2064 1239 2103 (i.
1259 2064 1293 2104 7)
1457 2072 1516 2101 931

185 2112 243 2144 del.
263 2114 426 2154 Kt'essling
527 2123 592 2152 932
608 2123 715 2143 senex
727 2112 821 2142 uenit
834 2111 1002 2148 diiambus
1019 2110 1160 2150 displicet
1223 2109 1305 2148 fort.
1323 2116 1409 2137 nunc
1427 2111 1520 2145 prius

185 2156 251 2188 huc
275 2167 374 2197 quam
400 2168 428 2188 s.
453 2167 485 2188 u.
634 2166 766 2195 937—40
789 2165 852 2186 om.
880 2155 912 2184 A
1064 2163 1127 2193 937
1155 2157 1310 2191 sumptae
1334 2150 1518 2189 Kiesslz'ng:

185 2206 319 2240 sumpta
346 2200 410 2232 cod.
545 2200 611 2239 938
635 2200 668 2228 in
693 2199 748 2230 alt.
775 2210 841 2229 om.
870 2197 946 2228 ΡΠ)
1073 2207 1139 2236 939
1163 2197 1265 2227 habet
1290 2193 1362 2236 <is>
1387 2194 1428 2233 (2)
1453 2192 1520 2223 Leo

185 2254 252 2283 940
275 2254 363 2275 nunc
382 2243 516 2274 Gm'etus
531 2243 582 2284 <H
597 2248 658 2282 pro
670 2242 714 2282 N)
839 2251 901 2282 941
929 2241 1044 2271 insunt
1062 2241 1095 2270 in
1114 2250 1201 2279 equo
1217 2239 1352 2270 Guietus
1454 2246 1518 2275 942

187 2287 375 2326 meliusque
394 2287 426 2317 P
440 2289 518 2328 (pro
535 2288 599 2317 mei
618 2286 739 2326 usque)
766 2285 814 2325 (A
834 2297 866 2317 n.
887 2285 924 2323 l.)
1058 2295 1122 2323 944
1147 2283 1315 2313 excidium
1334 2281 1471 2311 exitium
1489 2279 1522 2310 P

186 2340 251 2370 945
276 2331 405 2362 ilico7t
534 2341 597 2370 947
624 2330 765 2361 exitium
781 2328 815 2359 P
943 2329 1009 2368 948
1033 2328 1078 2369 is]
1098 2328 1125 2358 si
1142 2327 1175 2356 A
1268 2325 1407 2356 abduxit
1423 2324 1456 2354 P
