1727 2702
127 154 192 191 Li
595 151 642 190 T.
676 151 857 190 MACCI
889 151 1093 189 PLAVTI

99 278 159 308 140
178 264 248 302 sed
275 262 363 312 quis
390 262 454 300 hic
474 269 533 300 est
560 263 682 299 homo
702 274 821 311 quem
847 269 941 300 ante
966 259 1076 300 aedis
1102 260 1222 301 uideo
1248 262 1325 300 hoc
1353 260 1509 301 noctis?

1266 340 1345 365 non
1366 328 1504 377 placet.

179 395 263 431 ME.
296 393 442 430 nullust
471 393 548 430 hoc
579 392 847 430 metuculosus
877 404 1014 441 aeque.
1074 392 1140 430 So.
1173 391 1225 430 mi
1260 391 1298 430 in
1333 398 1505 430 mentem

1386 456 1506 504 uenit,

177 522 255 560 illic
277 524 397 560 homo
417 520 572 573 (hodie)
592 522 668 560 hoc
689 522 823 560 denuo
844 523 927 560 uolt
948 521 1109 572 pallium
1131 522 1323 561 detexere.

179 589 263 625 ME.
295 586 406 625 timet
440 587 586 626 homo:
626 587 815 624 deludam
846 599 919 636 ego
953 585 1074 625 illum.
1135 587 1199 625 So.
1231 586 1338 637 perii,
1369 587 1508 626 dentes
1529 600 1594 637 295

1309 651 1485 702 pruriunt
1501 666 1512 699 ;

178 726 282 756 certe
301 716 582 756 aduenientem
604 715 669 755 hic
689 728 754 755 me
774 715 947 766 hospitio
968 729 1126 767 pugneo
1145 723 1378 767 accepturus
1398 724 1467 755 est.

98 799 157 831 145
178 784 297 820 credo
318 782 536 821 misericors
557 789 615 820 est
633 796 640 819 2
670 794 777 820 nunc
797 788 1003 831 propterea
1023 782 1133 831 quod
1153 794 1218 819 me
1238 794 1348 819 meus
1368 794 1456 820 erus

178 847 269 885 fecit
289 855 331 885 ut
351 846 565 896 uigilarem,
589 846 653 885 hic
673 846 815 896 pugnis
835 845 950 885 saciet
971 846 1091 885 hodie
1111 853 1153 884 ut
1173 845 1377 884 dormiam.

178 911 327 963 oppido
344 911 481 950 interii.
532 924 698 962 opsecro
714 912 856 958 hercle,
875 918 1046 961 quantus
1063 918 1102 949 et
1122 924 1242 961 quam
1258 910 1411 950 ualidus
1427 919 1484 950 est
1502 914 1508 948 !

180 979 263 1015 ME.
295 979 396 1016 clare
416 978 632 1016 aduorsum
654 976 870 1023 fabulabor,
893 977 1088 1015 auscultet
1108 975 1172 1015 hic
1193 988 1294 1026 quae
1313 976 1468 1026 loquar3
1531 991 1600 1026 300

179 1040 293 1090 igitur
314 1040 428 1091 magi’
451 1041 614 1079 modum
638 1039 827 1078 maiorem
850 1039 887 1077 in
910 1052 995 1078 sese
1016 1038 1214 1089 concipiet
1236 1046 1397 1078 metum.

98 1120 158 1152 150
179 1104 292 1156 agite,
315 1105 450 1156 pugni,
473 1106 550 1143 iam
572 1104 641 1144 diu
663 1111 722 1143 est
743 1105 852 1155 quod
875 1106 1000 1143 uentri
1023 1104 1172 1144 uictum
1195 1118 1275 1143 non
1297 1103 1421 1144 datis:

178 1170 255 1207 iam
277 1168 429 1219 pridem
450 1168 607 1207 uidetur
628 1169 775 1206 factum
796 1167 878 1206 heri
899 1168 1008 1218 quod
1030 1167 1212 1206 homines
1233 1174 1417 1217 quattuor

178 1235 217 1272 in
239 1247 421 1284 soporem
443 1233 680 1273 conlocastis
701 1234 842 1272 nudos.
902 1234 966 1272 So.
1001 1232 1171 1272 formido
1192 1233 1294 1271 male

179 1314 228 1338 ne
267 1313 340 1350 ego
378 1299 442 1338 hic
481 1312 628 1337 nomen
672 1312 805 1337 meum
843 1305 1087 1337 commutem
1126 1305 1164 1337 et
1204 1297 1378 1347 Quintus
1421 1298 1510 1336 fiam
1533 1308 1596 1346 305

1326 1375 1347 1400 e
1377 1362 1488 1400 Sosia
1504 1377 1513 1409 ;

179 1439 364 1482 quattuor
384 1430 488 1468 uiros
509 1428 640 1479 sopori
662 1442 703 1467 se
724 1427 882 1467 dedisse
901 1427 966 1466 hic
985 1435 1163 1466 autumat
1181 1442 1188 1465 :

101 1511 158 1544 155
180 1505 315 1536 metuo
360 1510 410 1534 ne
448 1507 657 1534 numerum
701 1507 866 1545 augeam
906 1493 1026 1532 illum.
1102 1494 1185 1531 ΜΕ.
1222 1506 1284 1531 ern
1325 1492 1508 1531 nunciam

1184 1572 1298 1609 ergo:
1329 1558 1383 1596 sie
1404 1559 1507 1596 uolo.

181 1631 245 1668 So.
277 1627 468 1678 cingitur:
492 1633 597 1664 certe
613 1624 772 1676 expedit
787 1637 840 1663 se.
901 1625 984 1662 ME.
1016 1636 1098 1662 non
1114 1624 1209 1662 feret
1225 1623 1320 1674 quin
1339 1624 1510 1673 uapulet.

182 1696 245 1732 So.
278 1693 366 1743 quis
387 1693 539 1730 homo?
595 1692 679 1728 ΜΕ.
712 1688 889 1740 quisquis
911 1690 1033 1727 homo
1053 1689 1130 1727 huc
1151 1689 1328 1738 profecto
1348 1687 1509 1735 uenerit,

1234 1765 1387 1803 pugnos
1407 1753 1508 1790 edet.

183 1826 247 1862 So.
279 1836 413 1873 apage,
437 1835 517 1860 non
539 1822 667 1871 placet
688 1833 752 1858 me
771 1820 850 1858 hoc
869 1818 997 1857 noctis
1017 1832 1126 1857 esse:
1155 1816 1293 1855 cenaui
1315 1817 1437 1855 modo
1453 1830 1463 1863 ς
1531 1828 1599 1863 310

183 1889 295 1939 proin
318 1896 357 1925 tu
380 1887 492 1924 istam
515 1899 653 1923 cenam
675 1884 821 1933 largire,
845 1883 876 1921 si
898 1883 1015 1933 sapis,
1034 1882 1326 1922 essurientibus.

105 1959 166 1990 160
187 1955 268 1991 ME.
311 1954 387 1990 hau
438 1952 583 1989 malum
631 1949 724 1987 huic
769 1956 827 1986 cst
874 1949 1033 1999 pondus
1079 1960 1223 1998 pugno.
1301 1948 1365 1985 So.
1402 1945 1509 1995 perii,

1134 2024 1286 2062 pugnos
1306 2012 1509 2062 ponderat.

229 2133 292 2161 293
308 2132 414 2160 aeque
426 2131 526 2160 quem
541 2120 573 2150 in
588 2124 690 2150 ment.
705 2117 769 2149 cod.
786 2130 793 2149 τ
811 2128 890 2149 corr.
907 2117 1009 2148 Bothe
1064 2116 1146 2156 sort.
1160 2119 1246 2146 totus
1255 2114 1305 2144 hic
1313 2124 1422 2145 versus
1433 2125 1510 2144 cum

186 2167 285 2196 altero
303 2176 390 2195 nunc
401 2164 526 2206 perdito
545 2164 597 2203 ics.
615 2162 662 2193 ad
676 2163 755 2201 294)
775 2161 935 2192 Mercurio
950 2159 1083 2191 dandus
1097 2163 1143 2190 est
1230 2169 1291 2198 294
1317 2158 1416 2188 hodie
1432 2157 1508 2188 add.

190 2209 284 2240 Goctz
300 2214 328 2239 ct
345 2208 457 2239 Loewe
470 2219 510 2238 ex
521 2207 633 2238 Srrvr'o
643 2206 677 2236 in
691 2206 775 2236 Aen.
792 2215 841 2241 10,
854 2215 915 2243 4²4
937 2205 999 2234 ‘sic
1009 2203 1153 2234 Plautus
1163 2213 1228 2241 ego
1240 2203 1328 2232 liunc
1342 2201 1510 2232 hominem

188 2254 289 2283 hodic
306 2258 416 2283 texam
432 2252 601 2282 <detexam
622 2249 840 2287 Taubmann)
852 2247 952 2287 palli‘o
964 2249 970 2261 ¹
1082 2248 1147 2285 296
1168 2255 1304 2286 pugneo
1316 2243 1489 2275 Acidalius
1505 2256 1512 2275 :

188 2307 302 2336 pugne
328 2295 392 2326 cml.
540 2304 605 2332 300
630 2293 683 2323 hic
708 2291 875 2322 auscultet
904 2290 968 2322 cod.
999 2291 1067 2329 (hic
1099 2289 1295 2330 suspectum)
1449 2297 1508 2326 30¹

189 2341 294 2370 multo
323 2340 477 2369 maim-cm
510 2336 667 2368 Reddobz
701 2337 834 2366 modum
863 2344 988 2365 morem
1015 2333 1079 2364 cod.
1101 2336 1157 2373 (Χηὶ.
1186 2331 1361 2371 maiorem)
1385 2329 1459 2370 (vii.
1476 2332 1512 2371 2)

389 2385 454 2421 306
477 2383 567 2412 uiros
583 2381 657 2412 Ital.
677 2392 683 2410 ε
709 2380 810 2409 duros
833 2378 896 2408 cad.
916 2389 922 2408 :
948 2378 1058 2408 nudos
1073 2377 1138 2406 Leo
1281 2385 1342 2414 307
1367 2375 1414 2404 sic
1433 2374 1511 2404 uolo

189 2429 327 2462 Pvlades
344 2440 350 2458 :
374 2427 478 2458 sit-olo
496 2425 561 2457 cod.
697 2434 762 2462 309
786 2422 937 2461 quisquis
956 2422 1017 2451 huc
1036 2418 1110 2459 (del.
1132 2420 1245 2450 homoi
1267 2417 1404 2449 lx’rdslob
