1727 2702
128 107 196 145 IV.
219 117 248 143 x
634 108 679 145 T.
714 109 893 148 MACCI
926 109 1130 148 PLAVTI

167 229 196 254 x
561 221 771 259 Evcmo
882 222 1209 260 chowinizs

216 302 313 340 Evc.
347 301 446 350 Quis
468 303 588 341 homo
610 301 673 341 hic
694 302 894 353 loquitur?
953 304 1021 340 Lv.
1054 316 1127 353 ego
1147 316 1234 341 sum
1257 303 1382 342 miser.
1444 306 1541 344 Evc.

777 367 899 406 immo
919 381 993 417 ego
1013 381 1112 413 sum,
1135 376 1174 406 et
1195 367 1334 407 misere
1356 369 1541 418 perditus,

213 431 306 482 quoi
329 440 437 470 tanta
458 433 559 470 mala
581 431 898 483 maestitudoque
920 432 1069 483 optigit.
1113 434 1182 471 Lv.
1205 433 1339 473 animo
1362 434 1468 472 bono
1488 448 1540 473 es.

215 499 311 537 Evc.
344 498 434 548 quo,
472 512 649 549 opsecro,
678 505 802 550 'paeto
836 512 921 537 esse
956 500 1147 549 possum?
1215 500 1284 537 Lv.
1317 499 1409 549 quia
1443 499 1543 539 istuc

1131 563 1281 603 facinus
1301 565 1410 614 quod
1432 573 1541 604 tuom

213 627 396 667 sollicitat
415 627 604 676 animum,
627 627 667 668 id
694 642 767 679 ego
788 628 861 668 feci
889 635 927 667 et
956 629 1088 668 fateor.
1149 629 1245 667 Evc.
1278 628 1374 679 quid
1404 643 1477 680 ego
1496 644 1543 669 ex

1336 702 1373 733 te
1393 695 1543 733 audio?

174 773 192 805 5
214 759 283 797 Lv.
322 758 361 798 id
393 759 501 810 quod
537 766 721 798 uerumst.
793 760 890 798 Evc.
927 758 1023 809 quid
1055 772 1128 809 ego
1162 757 1231 810 <de
1261 757 1317 809 te>
1351 759 1540 807 demerui,
1562 767 1627 805 735
1653 764 1660 784 “

1168 824 1411 871 adulescens,
1436 824 1542 873 mali,

210 902 330 939 quam
369 889 422 928 ob
453 903 534 928 rem
575 889 627 928 ita
661 890 808 928 faceres
839 902 981 940 meque
1012 902 1201 938 meosque
1236 888 1431 939 perditum
1468 889 1541 929 ires

1367 954 1510 994 liberos
1524 956 1541 993 ?

210 1020 279 1058 Lv.
311 1020 401 1059 deu'
431 1019 527 1058 mihi
555 1019 743 1070 impulsor
773 1018 855 1066 fuit,
878 1018 909 1057 is
937 1032 1000 1058 me
1023 1019 1074 1057 ad
1102 1018 1207 1057 illam
1235 1018 1377 1057 inlexit.
1439 1021 1536 1059 Evc.

1288 1098 1368 1134 quo
1389 1085 1540 1123 modo?

210 1152 279 1189 Lv.
307 1151 429 1190 fateor
445 1149 671 1201 peccauisse
692 1148 794 1202 (me)
814 1157 852 1188 et
875 1163 937 1189 me
957 1151 1114 1200 culpam
1136 1148 1410 1189 commeritum
1432 1148 1539 1197 scio;

209 1215 248 1256 id
268 1217 370 1255 adeo
391 1223 428 1254 te
448 1223 600 1254 oratum
622 1215 795 1254 aduenio
815 1222 857 1253 ut
877 1214 1012 1253 animo
1031 1228 1160 1264 aequo
1180 1213 1359 1264 ignoscas
1381 1213 1487 1252 mihi.

152 1299 190 1321 ιο
210 1283 307 1321 Evc.
331 1295 403 1332 qur
420 1282 457 1320 id
474 1282 603 1320 ausu's
619 1282 746 1320 facere
760 1288 801 1319 ut
818 1279 857 1319 id
871 1280 980 1330 quod
998 1293 1077 1318 non
1092 1287 1200 1318 tuom
1218 1287 1320 1318 esset
1337 1281 1538 1330 tangeres?
1557 1291 1627 1326 740

209 1348 277 1385 Lv.
301 1346 396 1397 quid
414 1346 473 1385 uis
490 1346 601 1386 fieri?
621 1347 767 1385 factum
784 1352 842 1384 est
859 1345 972 1384 illud:
995 1344 1076 1384 fieri
1093 1343 1280 1383 infectum
1298 1359 1377 1383 non
1395 1352 1534 1395 potest.

206 1413 303 1451 deos
324 1413 443 1451 credo
465 1411 660 1459 uoluisse;
690 1425 781 1450 nam
803 1409 842 1449 ni
863 1411 1021 1457 uellent,
1044 1423 1124 1448 non
1147 1410 1266 1456 fieret,
1289 1409 1381 1449 scio.

209 1480 305 1518 Evc.
337 1485 376 1516 at
406 1491 479 1528 ego
508 1478 606 1517 deos
635 1478 754 1516 credo
784 1475 956 1515 uoluisse
986 1483 1028 1514 ut
1057 1477 1163 1526 apud
1191 1489 1253 1514 me
1280 1483 1318 1514 te
1348 1475 1387 1514 in
1415 1489 1537 1515 neruo

1370 1555 1534 1581 enicem.

207 1610 275 1648 Lv.
309 1623 358 1649 ne
388 1608 487 1648 istuc
516 1608 626 1649 dixis.
688 1610 785 1648 Evc.
817 1607 913 1659 quid
944 1607 1014 1647 tibi
1044 1621 1135 1659 ergo
1166 1621 1294 1647 meam
1319 1621 1382 1647 me
1411 1606 1536 1646 inuito

1351 1672 1536 1711 tactiost?

147 1752 186 1786 ¹5
208 1741 277 1778 Lv.
310 1738 403 1790 quia
423 1738 504 1778 uini
526 1738 622 1779 uitio
641 1746 761 1790 atque
779 1738 924 1778 amoris
944 1737 1028 1778 feci.
1090 1739 1187 1777 Evc.
1219 1739 1341 1777 homo
1360 1737 1535 1777 audacis·
1554 1745 1620 1782 745

1410 1816 1532 1850 sume,

204 1883 294 1909 cum
317 1869 453 1909 istacin
476 1878 513 1909 te
534 1869 710 1910 oratione
732 1871 809 1909 huc
829 1871 879 1910 ad
902 1884 964 1909 me
984 1869 1091 1910 adire
1111 1883 1263 1917 ausum,
1286 1868 1506 1920 inpudens!

204 1949 294 1973 nam
317 1935 346 1973 si
370 1935 468 1974 istuc
490 1935 548 1974 ius
569 1942 627 1974 est
648 1942 689 1973 ut
711 1943 751 1973 tu
774 1934 872 1974 istuc
894 1949 1078 1974 excusare
1100 1934 1261 1986 possies,

203 2000 279 2039 luci
301 2002 405 2039 claro
426 2000 664 2052 deripiamus
684 2014 822 2039 aurum
845 2000 1032 2039 matronis
1055 2002 1194 2051 palam,

247 2116 303 2145 731
332 2117 394 2145 ego
420 2116 503 2138 sum.
556 2106 633 2136 Evc.
663 2106 764 2136 immo
785 2116 849 2145 ego
869 2116 941 2136 sum
967 2106 1069 2136 miser
1086 2111 1117 2136 et
1136 2105 1257 2136 misere
1276 2103 1428 2144 perditus
1444 2103 1530 2136 cod.:

202 2159 280 2180 corr.
309 2149 482 2180 Aci'dalt'us
571 2155 605 2180 ct
633 2149 734 2180 miser
762 2155 795 2180 ct
823 2150 975 2189 perditus
1001 2149 1135 2189 Scyffcr!
1275 2158 1337 2187 735
1363 2152 1530 2178 uersumst

201 2192 266 2224 cod.
358 2193 568 2233 emeruipost
580 2193 735 2223 laciniam
747 2192 810 2223 cod.
828 2204 834 2223 z
854 2194 895 2223 de
914 2198 945 2223 te
958 2193 1062 2233 suppl.
1083 2192 1301 2229 Cameramics,
1315 2193 1400 2223 dem.
1422 2191 1535 2232 scripsi

203 2235 308 2276 (credo
331 2237 440 2274 dsced,
458 2240 495 2266 ut
516 2237 670 2266 intrllectu
695 2236 826 2274 difficile,
850 2237 1118 2276 praetermissum
1136 2246 1199 2266 esse
1215 2246 1235 2265 a
1251 2234 1353 2266 scm‘ba
1369 2246 1376 2274 ;
1409 2235 1452 2265 iii.
1472 2236 1505 2274 4)
1523 2245 1530 2264 :

202 2290 283 2318 erga
300 2285 333 2310 te
350 2281 531 2310 commerui
550 2279 689 2309 Redslob
823 2281 884 2319 738
910 2290 962 2310 mc
979 2279 1053 2310 add.
1075 2279 1202 2318 Bentley
1219 2278 1280 2318 (iii.
1299 2280 1334 2317 33
1469 2287 1530 2316 743

203 2335 254 2353 me
273 2330 304 2354 te
323 2322 480 2354 Pistoris:
507 2329 539 2353 te
562 2333 613 2353 me
634 2322 700 2353 cod.
836 2325 897 2362 748
923 2323 986 2354 luci
1013 2323 1102 2353 claro
1127 2326 1266 2353 testatur
1288 2321 1420 2352 Nonius
1443 2331 1530 2352 210:

202 2366 275 2397 lucc
292 2367 381 2398 clara
398 2367 461 2398 cod.
482 2367 505 2406 gi
538 2377 570 2406 7)
663 2366 858 2406 diripiamus
878 2366 910 2396 D
925 2378 931 2397 :
957 2367 1169 2406 disripiamus
1186 2365 1273 2396 codd.
1288 2365 1391 2396 Nonii
