1727 2702
209 86 238 124 1.
259 88 303 124 iii
671 91 717 128 T.
752 90 933 130 MACCI
966 90 1171 128 PLAY'I'I

261 201 332 238 ΡΗ.
366 200 417 239 ita
447 214 508 239 me
531 203 665 240 Venus
691 210 808 250 amet,
838 210 879 241 ut
905 216 980 253 ego
1004 209 1042 240 te
1067 202 1144 240 hoc
1169 201 1340 240 triduom
1367 214 1585 252 numquam

1458 279 1585 305 sinam

258 329 296 368 in
318 331 439 370 domo
459 344 544 370 esse
566 331 671 379 istac,
695 333 789 382 quin
812 346 886 383 ego
905 341 943 372 te
963 333 1164 371 liberalem
1185 332 1358 371 liberem.

258 396 326 434 PL.
358 394 475 434 facito
495 403 538 433 ut
559 396 792 435 memineris.
844 405 934 436 tene
950 396 1078 444 etiarn,
1098 396 1195 448 priu'
1213 410 1332 447 quam
1359 396 1451 436 hinc
1470 397 1583 444 abeo,
1604 407 1646 434 21

1417 460 1583 499 sauium.

259 524 332 562 ΡΗ.
364 523 559 574 siquidem
576 526 706 564 hercle
722 525 818 564 mihi
834 539 998 576 regnum
1014 527 1138 574 detur,
1157 539 1375 576 numquam
1396 525 1436 564 id
1457 525 1586 576 potius
1663 497 1690 578 ’ἒ

1365 603 1584 641 persequar.
1667 587 1689 635 l?

197 669 237 700 55
257 655 418 705 quando
434 667 507 705 ego
524 662 561 694 te
577 655 756 695 uidebo?
803 658 871 694 PL.
904 656 966 695 ern
983 657 1082 695 istoc
1098 657 1222 696 uerbo
1238 656 1455 695 uindictam
1471 668 1588 707 para:
1664 639 1687 731 l:-

258 721 290 758 si
308 733 427 767 amas,
451 733 549 768 eme,
573 734 624 759 ne
644 721 802 771 rogites,
823 721 942 760 facito
962 730 1004 760 ut
1025 722 1151 772 pretio
1171 721 1377 771 peruincas
1397 727 1476 759 tuo.
1667 748 1670 766 .

258 785 360 824 bene
389 786 622 824 nale—PH.
656 785 786 825 iamne
821 800 896 836 ego
924 786 1153 836 relinquor?
1185 787 1359 836 pulchre,
1392 786 1585 834 Palinure,
1667 773 1669 785 ¹

1444 851 1583 890 occidi.
1664 901 1666 905 .

259 916 326 953 ΡΑ.
359 916 608 966 egoquidem,
639 916 706 966 qui
745 924 784 956 et
822 919 1051 968 uapulando
1083 925 1122 955 et
1152 930 1294 955 somno
1323 929 1451 966 pereo.
1510 917 1584 954 PH.
1605 925 1671 969 213

1273 994 1436 1032 sequere
1456 994 1587 1020 me.—
1665 976 1668 996 ‘

757 1170 993 1218 ACTVS
1046 1170 1093 1218 II

152 1284 240 1322 11.i
566 1282 870 1322 CAPPADOX
955 1284 1278 1321 PAtranvs

259 1376 329 1416 CA.
365 1376 534 1428 Migrare
554 1383 741 1415 certumst
761 1376 839 1414 iarn
860 1389 965 1415 nunc
986 1390 1008 1416 e
1028 1377 1120 1415 fano
1140 1378 1253 1424 foras,

256 1442 417 1491 quando
438 1441 649 1492 Aesculapi
672 1441 725 1480 ita
745 1441 872 1480 sentio
893 1441 1127 1480 sententiam

256 1513 297 1544 ut
319 1505 385 1557 qui
407 1519 470 1545 me
491 1505 602 1544 nihili
624 1506 739 1544 faciat
761 1519 833 1545 nec
855 1507 1006 1545 saluom
1027 1506 1133 1544 uelit.

255 1571 442 1609 ualetudo
462 1571 665 1618 decrescit,
687 1571 878 1610 adcrescit
899 1571 1009 1609 labor
1024 1585 1034 1618 ;

218 1650 235 1681 5
255 1649 346 1675 nam
369 1635 444 1674 iam
467 1635 577 1686 quasi
599 1649 697 1674 zona
717 1635 818 1674 liene
838 1635 990 1674 cinctus
1009 1636 1182 1682 ambulo,
1604 1650 1672 1677 220

254 1700 432 1751 geminos
453 1701 492 1739 in
515 1708 651 1739 uentre
673 1701 818 1740 habere
838 1700 975 1739 uideor
996 1700 1105 1739 filios.

256 1765 309 1804 nil
331 1772 464 1804 metuo
486 1765 559 1804 nisi
582 1779 632 1804 ne
653 1765 807 1804 medius
828 1765 1046 1816 dirrumpar
1067 1765 1192 1804 miser.

258 1832 324 1870 ΡΑ,
357 1830 387 1869 si
409 1838 513 1870 recte
534 1830 664 1877 facias,
689 1831 945 1876 Phaedrome,
969 1831 1164 1868 auscultes
1186 1829 1280 1867 mihi

255 1903 373 1946 atque
394 1895 506 1933 istam
529 1895 711 1934 exturbes
732 1908 777 1933 ex
798 1894 932 1933 animo
951 1894 1247 1944 aegritudinem.

205 1975 244 1999 ιο
257 1973 376 2011 paues
397 1960 587 2010 parasitus
608 1960 701 2010 quia
721 1973 801 1998 non
822 1959 934 1998 rediit
957 1959 1070 1999 Caria
1087 1974 1094 1996 :
1603 1962 1668 2003 225

255 2026 405 2064 adferre
425 2033 629 2076 argentum
652 2026 796 2073 cred0;
826 2038 915 2063 nain
938 2024 969 2063 si
990 2038 1069 2062 non
1093 2025 1198 2070 ferat,

255 2098 451 2129 tormento
472 2104 551 2129 non
573 2089 727 2129 retineri
749 2089 875 2140 potuit
896 2090 1019 2128 ferreo

255 2154 350 2205 quin
371 2155 559 2205 reciperet
580 2168 621 2194 se
642 2156 719 2193 huc
741 2167 870 2193 essum
892 2155 942 2192 ad
965 2167 1191 2204 praesepem
1213 2166 1335 2191 suam.

256 2221 326 2259 CA.
351 2220 438 2269 quis
455 2220 518 2258 hic
531 2227 589 2259 est
606 2219 672 2270 qui
688 2219 883 2269 loquitur?
932 2221 999 2257 ΡΑ.
1023 2219 1182 2269 quoiam
1197 2232 1338 2257 uocem
1354 2231 1428 2269 ego
1440 2218 1583 2258 audIO?

385 2324 448 2355 228
471 2333 564 2354 suam
583 2327 744 2355 testantur
760 2322 927 2355 Charisius
943 2332 996 2362 59,
1013 2321 1146 2353 Nom'us
1161 2322 1224 2352 218
1240 2332 1246 2355 :
1271 2331 1367 2353 suum
1383 2319 1448 2354 cod.
