1727 2702
189 102 254 141 1.i
640 101 684 138 T.
720 101 900 139 MACCI
933 100 1136 138 PLAVTI

239 225 383 252 nomen
407 214 633 258 Leaenaest‚
656 211 865 250 multibiba
883 219 1003 262 atque
1023 210 1238 250 merobiba.

238 279 306 317 ΡΑ.
338 277 448 329 quasi
470 286 511 317 tu
531 278 736 327 lagoenam
757 276 878 323 dicas,
899 276 967 315 ubi
993 275 1128 314 uinum
1151 275 1296 316 Chium

235 344 334 382 solet
354 355 449 382 esse.
510 343 583 381 PH.
616 341 711 392 quid
732 349 849 392 opust
868 341 1028 380 uerbis?
1056 340 1319 379 uinosissuma
1338 348 1396 380 est
1413 355 1422 389 ;

175 414 217 446 80
235 421 361 459 eaque
381 408 579 458 extemplo
599 406 667 445 ubi
687 405 792 458 (ubi)
811 406 906 445 uino
927 407 997 445 has
1017 405 1218 456 conspersi
1239 407 1351 453 fores,

235 474 286 512 de
306 473 428 512 odore
447 473 586 512 adesse
607 485 670 511 me
690 471 774 519 scit,
795 471 919 523 aperit
940 471 1040 511 ilico.

237 539 305 576 ΡΑ.
337 537 424 576 eine
445 536 509 575 hic
528 549 619 576 cum
640 535 735 575 uino
755 536 863 575 sinus
884 537 1033 574 fertur?
1089 537 1163 574 Pu.
1196 534 1269 574 nisi
1290 534 1412 574 neuis.

237 604 305 641 ΡΑ.
338 603 431 642 nolo
455 603 594 649 hercle,
618 615 709 641 narn
730 601 858 641 istunc
879 601 945 652 qui
966 602 1038 640 fert
1056 600 1259 639 adflictum
1281 600 1398 638 uelim
1416 615 1425 647 ς

235 680 308 718 ego
329 667 443 706 nobis
464 663 625 721 [af]ferri
646 666 791 706 censui.
852 668 926 705 PH.
959 666 1054 717 quin
1075 673 1116 704 tu
1137 666 1275 704 taces?

174 737 216 779 85
235 732 266 771 si
287 731 383 783 quid
404 745 520 783 super
540 731 593 770 illi
614 731 737 778 fuerit,
761 731 800 770 id
822 731 938 770 nobis
958 739 1016 769 sat
1036 738 1104 770 est.

237 798 306 836 ΡΛ.
338 796 518 848 quisnam
540 795 625 835 istic
647 795 805 834 fluuiust
826 808 945 846 quem
966 808 1046 834 non
1062 794 1222 845 recipiat
1242 796 1377 834 mare?

237 863 311 900 ΡΗ.
344 874 506 912 sequere
528 861 612 908 hac,
637 860 829 907 Palinure,
854 873 917 898 me
937 860 988 898 ad
1009 860 1120 906 fores,
1144 859 1169 897 fi
1191 858 1243 897 mi
1264 871 1498 910 opsequenS.

238 928 306 965 ΡΑ.
339 925 390 964 ita
410 925 561 964 faciam.
622 926 694 963 PH.
727 924 828 975 a'gite
844 924 982 972 bibite,
1002 923 1164 963 festiuae
1184 925 1285 962 fores
1299 938 1310 972 ς

236 999 383 1042 potate,
405 991 470 1029 fite
491 989 585 1029 mihi
607 991 785 1029 uolentes
806 989 1007 1041 propitiae.

174 1070 218 1104 90
239 1058 306 1095 ΡΑ.
340 1055 507 1095 uoltisne
527 1054 663 1102 oliuas,
687 1052 787 1108 [aut]
811 1055 1123 1105 pulpamentum,
1147 1051 1247 1108 [aut]
1268 1054 1498 1105 capparim?

238 1123 312 1161 Pu.
345 1120 577 1160 exsuscitate
598 1127 769 1158 uostram
792 1120 870 1159 huc
891 1120 1098 1158 custodem
1121 1119 1226 1158 mihi.

238 1187 306 1226 ΡΑ.
339 1184 543 1238 profundis
564 1184 701 1223 uinum
721 1200 727 1223 z
759 1197 860 1237 quae
882 1191 921 1223 te
941 1197 1001 1223 res
1020 1184 1201 1235 agitant?
1257 1186 1330 1223 ΡΗ.
1363 1185 1457 1224 sine.

236 1251 356 1290 uiden
378 1252 420 1290 ut
438 1249 665 1302 aperiuntur
684 1249 803 1289 aedes
824 1248 1142 1288 sestiuissumae?

235 1328 330 1355 num
354 1314 484 1354 muttit
504 1315 652 1354 cardo?
681 1322 740 1354 est
760 1314 925 1365 lepidus.
987 1315 1055 1352 ΡΛ.
1088 1314 1183 1364 quin
1204 1315 1274 1353 das
1295 1315 1446 1353 sauium
1462 1316 1480 1353 Ρ

174 1396 215 1430 95
237 1382 310 1419 Pu.
344 1388 440 1426 tace,
462 1380 706 1418 occultemus
726 1380 859 1418 lumen
880 1386 918 1417 et
939 1391 1090 1418 uocem.
1152 1380 1219 1417 ΡΑ.
1252 1380 1351 1418 licet.

185 1495 215 1532 11
320 1492 545 1530 LEAENA
659 1491 1048 1529 Puassnnomvs
1161 1491 1485 1528 PALiNvavs

237 1573 306 1611 LE.
342 1573 431 1612 Flos
452 1571 593 1610 ueteris
615 1571 694 1610 uini
717 1571 814 1609 meis
836 1570 995 1609 naribus
1015 1570 1220 1617 obiectum,

236 1637 333 1677 eiius
353 1649 463 1676 amor
482 1636 667 1688 cupidam
686 1649 748 1675 me
769 1637 846 1675 huc
868 1635 1021 1686 prolicit
1041 1649 1110 1687 per
1130 1636 1320 1674 tenebras,

399 1701 466 1741 ubi
488 1701 554 1740 ubi
575 1709 647 1748 est,
667 1714 789 1752 prope
811 1714 873 1739 me
894 1709 962 1740 est.
1023 1714 1131 1748 euax,
1155 1701 1282 1740 habeo
1300 1705 1306 1739 !

451 1767 569 1813 salue,
594 1766 725 1805 anime
746 1766 810 1813 mi,
834 1766 964 1805 Liberi
985 1768 1104 1817 lepos.

198 1843 216 1874 5
453 1838 494 1870 ut
514 1831 646 1870 ueteri'
667 1832 770 1870 uetu'
791 1831 846 1870 tui
868 1831 1012 1882 cupida
1031 1845 1118 1870 sum
1135 1834 1142 1869 ί

346 1910 436 1935 nam
458 1896 634 1935 omniurn
658 1904 902 1946 unguentum
924 1898 1024 1936 odor
1044 1910 1135 1948 prae
1155 1905 1224 1935 tuo
1245 1905 1388 1936 nautea
1405 1905 1475 1945 est,

345 1971 386 2002 tu
409 1962 502 2002 mihi
524 1970 656 2008 stacta,
681 1970 721 2001 tu
743 1962 982 2009 cinnamum,
1006 1971 1046 2001 tu
1068 1976 1165 2010 rosa,

400 2036 440 2066 tu
462 2027 663 2066 crocinum
685 2036 722 2066 et
744 2028 847 2067 casia
868 2042 922 2076 es,
944 2037 985 2066 tu
1006 2028 1181 2075 telinum,

292 2106 383 2132 nam
405 2092 471 2131 ubi
494 2101 534 2131 tu
556 2094 760 2143 profusu’s,
782 2093 833 2131 ibi
856 2106 929 2143 ego
951 2107 1012 2132 me
1034 2093 1221 2144 peruelim
1242 2094 1446 2143 sepultam.

283 2210 322 2241 77
348 2204 400 2230 est
417 2199 516 2230 leene
533 2199 597 2231 cod.
617 2211 624 2231 ι
649 2201 719 2230 trm'.
744 2199 917 2229 Firckn‘sen
1052 2199 1094 2229 80
1118 2197 1229 2228 ubiubi
1245 2198 1381 2236 scripsi:
1405 2196 1460 2227 ubi
1477 2195 1542 2228 cod.
1563 2207 1570 2227 :

239 2244 294 2275 ubi
312 2242 421 2286 (ego)
440 2241 572 2274 Guietus
697 2244 737 2281 8⁴
766 2253 796 2273 n.
825 2242 904 2272 ferri
932 2240 1086 2279 Bentley:
1110 2241 1192 2282 fort.
1220 2240 1343 2271 adferri
1368 2250 1399 2271 n.
1527 2249 1571 2279 90

239 2292 296 2318 aut
324 2290 502 2326 utrumque
528 2285 587 2318 del.
618 2285 768 2316 Muretus
939 2295 982 2324 93
1007 2289 1042 2315 ut
1066 2284 1123 2315 drl.
1153 2282 1291 2322 Bentley,
1306 2283 1452 2323 rhythmi
1471 2293 1569 2313 causa

238 2332 296 2370 98⁸
322 2335 419 2361 uetus
451 2330 497 2360 tui
534 2329 595 2360 <vel
619 2330 676 2364 tis)
705 2327 865 2369 Spengel:
906 2328 1028 2358 uetusti
1052 2326 1119 2358 cod.
1281 2337 1340 2357 100
1362 2331 1470 2357 stacte
1501 2324 1566 2356 cod.

240 2374 293 2414 (cf
314 2374 408 2405 Most,
435 2383 499 2412 309
522 2378 627 2404 stacte
646 2379 706 2413 pro
728 2371 850 2410 stacta)
988 2380 1047 2402 102
1071 2369 1219 2408 telinum,
1246 2375 1315 2411 sup.
1339 2379 1397 2401 scr.
1419 2368 1569 2411 ptellium

240 2418 274 2459 (i.
287 2428 309 2451 e.
328 2416 514 2452 bdellium'=.
532 2416 596 2450 cod.
