1727 2702
160 113 225 152 1.i
623 114 668 150 T.
704 114 882 153 MACCI
916 114 1118 152 PLAVTI

210 229 274 266 So.
309 235 455 274 metuo,
481 227 589 265 uocis
618 240 666 265 ne
690 226 818 265 uicem
848 226 966 265 hodie
995 226 1057 265 hic
1085 228 1281 277 uapulem,
1304 241 1405 278 quae
1433 228 1538 266 hunc

1344 293 1534 332 uerberat.

211 358 293 396 ME.
317 365 479 407 optume
500 370 636 395 eccum
660 356 806 395 incedit
827 357 877 395 ad
900 370 972 395 me.
1023 358 1087 395 So.
1112 355 1242 403 timeo,
1265 364 1370 396 totus
1386 365 1534 408 torpeo.
1557 367 1622 404 335

209 436 289 461 non
310 423 451 472 edepol
474 435 579 460 nunc
601 420 666 459 ubi
689 429 874 460 terrarum
896 421 968 459 sim
991 421 1084 468 scio,
1107 420 1136 459 si
1159 421 1246 471 quis
1268 431 1386 472 roget,

130 495 185 534 185
209 500 337 537 neque
359 486 475 525 miser
496 499 558 524 me
578 498 831 524 commouere
853 498 1013 536 possum
1036 499 1127 535 prae
1148 485 1367 525 formidine.

207 551 311 590 ilicet
330 566 337 589 :
369 551 555 589 mandata
575 549 628 588 eri
650 549 847 600 perierunt
868 563 945 588 una
966 557 1005 588 et
1025 549 1146 589 Sosia.

207 629 344 655 uerum
365 623 552 654 certumst
573 616 818 654 confidenter
839 614 1041 653 hominem
1063 623 1199 653 contra
1218 615 1416 666 conloqui,

206 681 271 731 qui
295 681 442 731 possim
465 680 588 719 uideri
610 680 701 719 huic
722 680 842 727 sortis,
864 694 887 718 a
909 693 970 718 me
992 688 1033 718 ut
1053 680 1246 730 apstineat
1268 695 1438 719 manum.
1558 692 1628 727 340

208 748 291 784 ME.
324 759 403 796 quo
437 746 617 784 ambulas
652 753 692 783 tu
728 745 795 795 qui
826 746 1049 784 Volcanum
1082 744 1120 783 in
1153 759 1275 784 cornu
1305 746 1534 784 conclusum

1406 809 1506 860 geris
1521 812 1538 848 Ρ

129 890 187 923 ¹90
207 877 271 915 So.
305 875 400 925 quid
423 875 461 914 id
483 874 652 925 exquiris
674 882 714 913 tu
735 874 801 925 qui
824 874 964 925 pugnis
985 888 1028 913 os
1049 888 1205 914 exossas
1226 874 1483 914 hominibus?

209 942 291 979 ME.
320 941 517 979 seruo‘sne
537 953 586 978 an
609 939 735 979 liber?
791 940 855 978 So.
884 947 1131 990 utquomque
1151 939 1285 978 animo
1301 938 1533 978 conlibitum

1353 1011 1411 1042 est
1433 1017 1532 1042 meo.

208 1072 290 1108 ME.
322 1075 386 1108 a'1'n
418 1070 540 1108 uero?
607 1071 671 1108 So.
703 1070 767 1108 ai'o
805 1068 910 1108 enim
951 1083 1054 1108 uero.
1116 1070 1199 1107 ME.
1234 1068 1407 1108 uerbero.
1467 1070 1532 1107 So.

1231 1133 1395 1172 mentire
1416 1147 1531 1172 nunc.

209 1201 291 1238 ME.
324 1207 362 1239 at
393 1199 469 1238 iam
506 1199 646 1238 faciam
682 1207 723 1238 ut
753 1213 890 1238 uerum
920 1198 1029 1238 dicas
1058 1198 1199 1238 dicere.
1259 1200 1324 1237 So.
1357 1198 1453 1249 quid
1488 1212 1536 1237 eo
1556 1208 1622 1244 345

1328 1271 1386 1302 est
1408 1265 1536 1313 opus?

209 1332 291 1369 ME.
316 1344 476 1381 possum
494 1331 591 1369 scire
608 1344 688 1381 quo
705 1332 914 1381 profectus,
933 1329 1075 1379 quoius
1091 1329 1142 1367 sis
1158 1337 1224 1367 aut
1241 1328 1336 1378 quid
1354 1327 1537 1367 ueneris?

129 1407 185 1438 ι95
207 1398 269 1434 So.
303 1397 380 1434 huc
401 1395 459 1434 eo.
501 1395 554 1434 eri
576 1409 662 1433 sum
685 1408 829 1433 seruos.
890 1393 1083 1444 numquid
1106 1407 1210 1431 nunc
1231 1406 1272 1432 es
1292 1393 1461 1432 certior?

208 1462 290 1498 ΜΕ.
325 1474 398 1510 ego
432 1459 502 1499 tibi
535 1459 648 1499 istam
682 1459 813 1507 hodie,
845 1460 1018 1505 sceleste,
1056 1458 1314 1508 comprimam
1349 1457 1531 1508 linguam.

1213 1524 1278 1561 So.
1301 1523 1377 1561 hau
1398 1530 1534 1573 potes:

204 1591 305 1628 bene
326 1589 549 1640 pudiceque
569 1590 808 1628 adseruatur.
871 1590 953 1627 ME.
986 1588 1122 1639 pergin
1144 1587 1381 1638 argutarier?

202 1655 298 1705 quid
337 1656 443 1705 apud
479 1656 595 1694 hasce
629 1654 738 1693 aedis
774 1654 905 1704 negoti
936 1657 993 1692 est
1029 1653 1098 1693 tibi
1116 1655 1132 1691 ?
1188 1655 1252 1692 So.
1285 1652 1407 1691 immo
1436 1652 1533 1703 quid
1555 1662 1624 1699 350

1357 1717 1426 1756 tibi
1447 1718 1534 1757 est?

206 1787 287 1823 ΜΕ.
322 1799 385 1824 rex
406 1787 509 1826 Creo
531 1785 667 1835 uigiles
689 1792 903 1824 nocturnos
924 1785 1098 1835 singulos
1118 1797 1272 1834 semper
1291 1784 1404 1822 locat.

123 1867 186 1890 200
205 1851 268 1889 So.
303 1851 404 1889 bene
425 1850 515 1889 facit
535 1865 542 1888 ε
572 1849 664 1900 quia
686 1864 758 1889 nos
779 1863 933 1888 eramus
954 1848 1115 1900 peregri,
1138 1855 1302 1887 tutatust
1322 1847 1456 1895 domi;

203 1922 241 1953 at
263 1929 368 1953 nunc
388 1915 451 1953 abi
474 1928 578 1961 sanc,
601 1914 812 1953 aduenisse
833 1914 1033 1952 familiaris
1053 1913 1184 1953 dicito.

204 1981 286 2018 ME.
320 1980 453 2018 nescio
475 1980 593 2029 qutim
617 1987 657 2018 tu
680 1979 878 2018 familiaris
899 1979 950 2018 sis
975 1994 982 2016 ι
1013 1978 1085 2017 nisi
1106 1985 1280 2016 actutum
1304 1977 1395 2016 hinc
1415 1976 1511 2024 abis,

201 2044 407 2092 familiaris,
431 2044 623 2094 accipiere
645 2046 732 2083 faxo
754 2045 831 2082 hau
852 2043 1099 2083 familiariter.
1551 2046 1616 2083 355

243 2158 305 2188 334
332 2149 438 2179 uicem
459 2148 624 2189 Scaliger:
650 2148 813 2179 uice-md.
965 2148 1030 2188 336
1053 2157 1098 2179 sc.
1119 2147 1172 2178 ubi
1199 2147 1279 2187 (pro
1301 2145 1354 2177 ubi
1370 2146 1483 2185 quis-»33
1503 2156 1526 2177 r.

199 2192 250 2223 ΡΕ
384 2203 448 2232 339
483 2198 596 2224 certus
626 2193 709 2231 (-um
738 2192 782 2232 J)
812 2197 863 2222 est
894 2191 958 2223 cod.
1108 2200 1174 2230 340
1208 2189 1264 2230 qui
1298 2189 1527 2221 camo-'Mnus

201 2270 301 2309 igitur
324 2270 379 2308 qui
402 2270 437 2304 (ι.
451 2281 474 2300 e.
502 2236 580 2308 tiulfi
610 2270 650 2300 iv.
672 2270 707 2308 3
854 2279 918 2308 343
944 2269 1008 2299 Sei
1011 2279 1118 2300 nosne
1142 2266 1222 2310 (es)
1245 2266 1314 2298 edd.
1463 2277 1525 2305 344

199 2313 254 2343 m'x
278 2314 376 2344 aione
393 2324 446 2344 en.
531 2313 682 2343 mentiris
699 2311 764 2343 «od.
902 2322 964 2352 347
989 2311 1177 2354 eri<iussu,
1195 2310 1288 2351 eius)
1302 2320 1373 2341 sum
1392 2320 1417 2340 s.
1439 2308 1527 2340 Lco:

199 2357 247 2387 eri
275 2367 347 2387 sum
375 2367 504 2395 seruos,
531 2355 700 2398 (missus)
725 2355 863 2386 Mueller
886 2355 1019 2396 them.
1043 2355 1132 2386 Mus.
1159 2365 1210 2394 54,
1239 2354 1303 2392 382
1465 2363 1524 2392 354

200 2406 362 2440 quantum
380 2399 430 2430 PE
449 2404 526 2440 (pro
541 2410 642 2439 quam
661 2403 719 2438 tu;
744 2400 798 2431 vii.
816 2404 851 2438 4)
983 2409 1046 2439 355
1070 2399 1221 2438 accipere
1239 2397 1303 2428 cod.
