1727 2712
668 89 930 128 EPIDICVS
1419 88 1466 126 V.
1485 87 1500 126 i

45 202 111 246 615
134 202 197 240 ST.
229 200 326 250 quid
346 208 406 239 est
425 199 526 239 tibi?
575 202 643 238 ΕΡ.
676 200 773 250 quin
793 208 834 238 tu
856 199 951 237 mihi
976 200 1145 238 adornas
1165 200 1216 238 ad
1237 201 1366 250 fugam
1390 199 1468 237 uia-

1342 264 1464 303 ticum

129 330 226 380 priu'
245 344 364 381 quam
392 332 539 381 pereo?
596 345 687 369 nam
708 344 776 381 per
797 330 934 368 urbem
956 331 1037 369 duo
1057 329 1266 369 defloccati
1287 343 1400 368 senes
1489 343 1528 366 10

128 394 348 444 quaeritant
369 409 442 442 me,
467 395 506 434 in
527 395 710 434 manibus
730 403 886 446 gestant
906 396 1068 445 copulas
1089 408 1224 433 secum
1245 394 1372 432 simul.

128 462 191 498 ST.
224 460 326 498 habe
347 460 498 499 bonum
518 459 708 498 animum.
769 461 837 497 ΕΡ.
871 459 1018 511 quippe
1038 473 1112 510 ego
1132 459 1225 510 quoi
1247 458 1404 498 libertas
1424 458 1464 497 in

1170 526 1321 564 mundo
1341 524 1461 563 sitast.

127 591 190 628 ST.
222 604 295 640 ego
330 598 367 629 te
398 588 575 629 seruabo.
638 592 706 629 ΕΡ.
750 591 893 641 edepol
924 604 987 628 me
1018 590 1072 628 illi
1098 589 1236 628 melius
1266 589 1297 628 si
1332 588 1463 628 nancti

1341 657 1461 694 suant.

39 724 107 758 620
127 721 197 758 sed
217 720 304 770 quis
325 722 423 759 haec
444 720 501 759 e'st
522 720 752 759 muliercula
772 729 809 759 et
830 719 894 759 ille
913 722 1168 771 grauastellus
1190 720 1257 770 qui
1278 720 1419 759 uenit?

127 785 190 822 ST.
213 784 278 823 hic
302 794 360 823 est
386 785 552 832 danista,
575 787 673 824 haec
693 786 758 824 illa
784 794 843 824 est
869 793 1002 824 autem
1030 800 1149 836 quam
1179 783 1285 838 [ego]
1307 785 1383 824 emi
1411 787 1461 825 de
1487 798 1523 830 ¹5

912 853 1067 902 praeda.
1129 853 1198 889 ΕΡ.
1231 850 1463 889 haecinest?

125 916 189 953 ST.
221 917 320 955 haec
339 924 408 955 est.
468 924 579 955 estne
599 915 652 955 ita
677 923 719 954 ut
746 915 818 955 tibi
846 916 954 955 dixi?
984 923 1143 966 aspecta
1163 924 1201 954 et
1221 916 1459 967 contempla,

1271 980 1463 1031 Epidice:

125 1058 252 1096 usque
270 1046 321 1085 ab
342 1045 556 1097 unguiculo
575 1048 626 1086 ad
647 1046 833 1097 capillum
855 1054 1093 1085 summumst
1114 1045 1387 1085 festiuissuma.

126 1118 236 1150 estne
248 1111 465 1150 consimilis
478 1112 589 1163 quasi
603 1126 725 1162 quom
739 1112 895 1163 signum
903 1113 1053 1163 pictum
1067 1112 1231 1163 pulchre
1243 1111 1463 1162 aspexeris?

38 1179 102 1224 625
126 1177 194 1214 ΕΡ.
227 1190 250 1215 θ
269 1176 346 1214 tuis
361 1177 491 1215 uerbis
510 1191 642 1216 meum
659 1178 833 1215 futurum
850 1178 1001 1216 corium
1018 1179 1227 1228 pulchrum
1243 1176 1458 1227 praedicas,

123 1240 242 1291 quern
264 1242 423 1292 Apelles
443 1256 489 1281 ac
511 1242 651 1281 Zeuxis
672 1242 753 1280 duo
774 1242 936 1291 pingent
958 1242 1167 1292 pigmentis
1188 1241 1340 1281 ulmeis.
1483 1253 1524 1277 πο

123 1307 185 1344 ST.
217 1305 258 1344 di
274 1305 524 1344 inmortales!
555 1305 651 1343 sicin
669 1304 761 1343 iussi
777 1306 828 1343 ad
846 1319 909 1343 me
925 1304 1031 1343 ires?
1078 1305 1246 1354 pedibus
1263 1304 1460 1354 plumbeis

123 1370 190 1420 qui
210 1370 437 1421 perhibetur
456 1370 553 1420 priu'
575 1370 748 1408 uenisset
768 1383 887 1420 quam
909 1377 950 1407 tu
970 1369 1167 1408 aduenisti
1190 1369 1296 1407 mihi.

126 1436 201 1473 DA.
234 1436 331 1473 haec
366 1436 508 1485 edepol
541 1442 733 1472 remorata
767 1435 860 1473 med
892 1442 960 1472 est.
1021 1436 1084 1473 ST.
1118 1434 1314 1484 siquidem
1350 1434 1460 1474 istius

1338 1499 1460 1549 gratia

36 1569 104 1613 630
122 1564 162 1603 id
183 1567 409 1603 remoratu¹s
431 1565 539 1615 quod
560 1564 632 1603 ista
654 1564 790 1611 uoluit,
813 1563 978 1602 nimium
1000 1563 1195 1603 aduenisti
1217 1563 1307 1603 cito.

123 1631 200 1668 DA.
231 1643 302 1680 age
336 1644 418 1680 age,
459 1631 622 1680 apsolue
660 1628 760 1681 (me)
792 1637 911 1679 atque
950 1637 1154 1679 argentum
1197 1643 1373 1676 numera,
1408 1644 1458 1669 ne
1481 1643 1519 1676 ²5

1131 1694 1296 1733 comites
1318 1709 1455 1735 morer.

163 1801 226 1840 615
251 1801 292 1831 ad
309 1811 372 1831 om.
394 1800 426 1829 A
542 1801 606 1830 616
626 1805 700 1841 post
714 1803 777 1839 617
796 1800 828 1831 Ρ
935 1801 999 1839 617
1018 1805 1050 1830 te
1069 1799 1100 1829 A
1193 1798 1308 1839 simul]
1327 1798 1412 1830 siaui
1430 1799 1464 1830 P

122 1843 168 1883 (A
178 1849 241 1884 pro
255 1843 299 1883 M,
316 1844 404 1884 Ipro
417 1843 457 1884 L)
563 1845 627 1875 618
650 1845 791 1885 bonum]
808 1854 887 1874 num
902 1844 935 1873 A
1028 1845 1093 1882 619
1117 1843 1186 1883 me]
1205 1853 1249 1873 ne
1265 1842 1461 1874 Gulielmms

120 1889 186 1918 620
208 1888 434 1926 grauastellus
452 1887 491 1926 P,
512 1887 642 1918 Paulus
665 1890 728 1927 96:
756 1887 948 1918 rauistellus
973 1886 1019 1926 A,
1040 1886 1172 1917 Paulus
1196 1897 1258 1926 273
1347 1897 1412 1926 que
1430 1886 1464 1917 Ρ

121 1931 259 1962 aduenit
269 1930 357 1962 codd.
371 1930 524 1970 Pauli96
591 1932 650 1962 621
668 1933 733 1962 emi
745 1942 787 1962 ex
800 1930 846 1962 Ρ·
861 1942 923 1970 ego
936 1931 1001 1961 emi
1014 1931 1056 1961 de
1068 1931 1100 1960 A
1171 1931 1236 1959 622
1250 1931 1296 1960 ita
1308 1928 1459 1961 Mueller.

120 1975 183 2005 ista
198 1974 257 2005 A.
283 1985 348 2005 om.
366 1974 400 2005 P
485 1975 531 2014 et]
551 1975 633 2005 haec
650 1974 683 2005 Ρ
811 1976 875 2014 623
893 1975 1020 2014 ungulo
1038 1974 1070 2003 A
1209 1975 1272 2012 624
1298 1973 1349 2004 vel
1368 1974 1457 2004 estn'

121 2027 202 2048 cons
230 2019 288 2059 (sq.
316 2019 419 2058 spat.)
444 2019 579 2057 signum
604 2017 792 2059 P(propter
802 2019 985 2058 senestmm
1009 2018 1042 2048 in
1063 2017 1225 2056 archetypz
1240 2018 1392 2058 pagt'na,·
1422 2017 1458 2056 es.

119 2071 150 2093 v.
175 2063 258 2100 641,
291 2062 470 2092 considera
494 2072 518 2092 s.
547 2060 609 2103 3³)
711 2062 888 2101 aspexeris
912 2062 970 2092 A:
1002 2061 1128 2092 uideris
1150 2060 1182 2091 Ρ
1328 2061 1458 2100 626-37

114 2109 280 2144 perpauca
295 2105 450 2145 leguntus
464 2116 496 2134 m
514 2105 546 2135 A
691 2106 757 2135 626
780 2105 932 2144 appelles
949 2104 982 2136 Ρ
1070 2105 1210 2144 pincent
1227 2102 1260 2133 Ρ
1275 2104 1318 2141 (C
1333 2109 1394 2144 pro
1411 2103 1457 2143 G)

119 2149 181 2188 627
208 2148 292 2180 sicin
314 2149 395 2179 iussi
412 2149 454 2179 ad
473 2159 525 2178 me
544 2149 592 2179 ire
610 2148 694 2179 Bm'x
712 2150 792 2188 (Nires
803 2147 885 2187 Leo}
901 2161 907 2178 :
934 2148 1025 2180 socio
1045 2149 1129 2187 (scio
1149 2147 1219 2184 Β)
1211 2148 1292 2178 ιυεεὶ
1310 2147 1459 2178 admirer

120 2190 210 2232 HA
226 2192 312 2229 ml.)
331 2192 368 2231 (i.
388 2202 418 2231 5.
441 2203 471 2231 p.
497 2193 556 2223 108
585 2203 591 2222 z
619 2202 737 2222 soccos
754 2192 836 2223 iussi
857 2193 1007 2223 adimere
1022 2191 1119 2222 Ital..
1114 2203 1119 2209 ·
1151 2192 1178 2222 si
1199 2191 1288 2222 Iouis
1304 2191 1397 2221 iussu
1415 2191 1458 2222 ad

120 2245 174 2266 me
199 2235 262 2266 iret
285 2235 423 2267 Palmer
509 2236 675 2275 plumbeis
691 2235 795 2266 Brix:
821 2236 1001 2275 pulmunes
1019 2235 1052 2265 P
1066 2235 1114 2273 (A
1135 2246 1167 2266 n.
1196 2235 1264 2271 I.:)
1288 2234 1459 2275 plumipes

120 2278 260 2309 Palmer
346 2278 501 2319 Oedipus
523 2280 550 2309 si
574 2280 614 2309 ad
633 2290 685 2309 me
703 2280 766 2310 iret
784 2280 925 2320 pedibus
944 2280 1086 2317 turgidis
1109 2277 1359 2318 Wagemngen
1368 2277 1457 2310 Berl.

120 2321 205 2354 Phil.
228 2322 336 2354 Woch.
355 2324 402 2361 18
422 2324 519 2361 1005)
626 2324 691 2353 628
714 2323 927 2364 uen(is)seA
1010 2323 1069 2362 631
1089 2332 1141 2352 me
1153 2320 1228 2352 add.
1246 2321 1358 2353 Came
1352 2332 1459 2352 anus

123 2366 170 2404 (A
191 2377 222 2398 n.
244 2367 279 2406 l.)
373 2376 512 2397 numera
530 2366 577 2396 bis
595 2366 632 2404 P,
649 2366 681 2395 A
701 2377 732 2397 n.
753 2367 772 2398 l.
