1727 2712
691 148 965 186 ASINARIA
1411 147 1488 184 III.
1512 146 1542 182 ii

164 260 225 298 L1.
256 259 334 298 iam
353 259 493 298 omitte
513 258 647 306 istaec,
668 259 744 296 hoc
764 258 874 307 quod
898 271 992 307 rogo
1012 259 1217 307 responde.
1278 258 1349 294 LE.
1372 256 1494 305 rogita

1291 321 1401 370 quod
1421 320 1491 358 uis.

165 392 225 428 L1.
246 389 396 439 argenti
416 388 554 439 uiginti
576 389 701 427 minas
721 389 930 426 habesne?
987 389 1055 425 LE.
1089 387 1288 425 hariolare.

79 459 145 502 580
164 456 306 505 edepol
327 469 461 493 senem
486 457 777 492 Demaenetum
798 452 974 503 lepidum
996 452 1114 491 fuisse
1135 451 1272 491 nobis:

164 528 206 558 ut
226 519 489 558 adsimulabat
509 521 697 558 Sauream
719 519 810 556 med
831 531 916 556 esse
936 531 1055 567 quam
1077 519 1201 555 facete
1219 519 1226 554 !
1514 530 1551 562 35

164 585 279 623 nimis
299 599 413 636 aegre
433 584 553 623 risum
574 583 734 631 contini,
758 582 826 621 ubi
847 582 1044 632 hospitem
1065 581 1303 628 inclamauit,

164 651 272 701 quod
293 648 413 702 se(se>
431 657 595 700 apsente
616 648 711 687 mihi
733 648 853 687 fidem
874 648 1019 685 habere
1039 646 1238 686 noluisset.

165 724 206 754 ut
228 715 451 754 memoriter
471 729 535 753 me
556 716 742 752 Sauream
763 713 934 751 uocabat
952 712 1160 750 atriensem
1179 715 1185 750 1

77 783 141 826 585
165 783 224 819 L1.
257 781 482 819 manedum.
543 781 614 817 LE.
646 778 743 829 quid
764 779 852 817 est?
909 779 968 815 L1.
1003 777 1248 815 Philaenium
1272 786 1381 816 estne
1398 779 1495 815 haec

1032 856 1133 892 quae
1154 841 1258 879 intus
1280 842 1355 880 exit
1376 850 1495 891 atque

163 924 241 948 una
261 909 532 961 Argyrippus?
562 911 632 947 LE.
666 908 844 958 opprime
865 922 919 953 OS,
944 906 974 945 is
999 915 1066 945 est.
1127 907 1478 945 subauscultemus.
1514 925 1557 955 40

165 977 224 1013 L1.
257 977 540 1014 lacrumantem
580 973 721 1012 lacinia
755 980 862 1011 tenet
896 973 1126 1010 lacrumans.
1186 971 1376 1021 quidnam
1410 986 1495 1009 esse

1336 1037 1464 1075 dicam
1480 1039 1496 1075 ?

164 1106 270 1145 taciti
304 1108 581 1145 auscultemus.
643 1107 712 1143 LE.
745 1112 900 1151 attatae,
938 1105 1059 1141 modo
1094 1104 1223 1141 hercle
1253 1102 1292 1140 in
1323 1110 1495 1141 mentem

1375 1168 1494 1216 uenit,

164 1238 271 1276 nimi'
305 1239 447 1276 uellem
483 1237 627 1275 habere
667 1236 865 1286 perticam.
938 1237 997 1273 L1.
1030 1235 1124 1285 quoi
1164 1234 1246 1273 rei?
1318 1236 1386 1272 LE.
1430 1233 1496 1283 qui

1250 1301 1495 1339 uerberarem

78 1376 147 1412 590
163 1368 306 1416 asinos,
330 1368 360 1406 si
382 1371 480 1407 forte
501 1367 726 1418 occeperint
747 1368 916 1405 clamare
937 1367 1029 1404 hinc
1050 1381 1096 1405 ex
1116 1366 1303 1404 crumina.

217 1539 582 1574 ARGleppvs
695 1537 1066 1572 PHILAEN1VM
1181 1536 1430 1571 LIBANVS
1513 1532 1557 1568 iii

700 1601 959 1637 LEON11>A

162 1696 266 1732 ARG.
297 1696 382 1742 Qur
403 1708 465 1731 me
487 1694 684 1731 retentas?
743 1694 815 1729 PH.
840 1691 932 1741 quia
953 1693 1008 1729 tui
1027 1705 1164 1729 amans
1184 1691 1365 1729 abeuntis
1386 1706 1494 1741 egeo.

162 1761 266 1797 ARG.
300 1761 397 1805 uale,
419 1757 550 1810 (nale).
612 1760 686 1795 PH.
718 1757 920 1807 aliquanto
951 1756 1119 1806 amplius
1152 1758 1333 1804 ualerem,
1367 1756 1397 1794 si
1431 1757 1494 1794 hic

1302 1836 1490 1860 nlaneres.

164 1890 267 1927 ARG.
301 1890 417 1927 salue.
479 1890 553 1926 PH.
586 1889 735 1926 saluere
770 1901 832 1925 me
863 1887 987 1934 iubes,
1018 1887 1111 1936 quoi
1142 1894 1183 1925 tu
1212 1886 1348 1925 abiens
1379 1889 1493 1925 offers

1282 1953 1462 1990 morbum
1480 1955 1496 1990 ?

164 2021 268 2057 ΑΗΕ.
302 2027 424 2057 mater
444 2033 668 2069 supremam
691 2018 786 2056 mihi
809 2027 874 2056 tua
894 2018 1001 2065 dixit,
1025 2020 1188 2056 domum
1212 2018 1264 2056 ire
1286 2017 1405 2056 iussit.

206 2124 269 2162 578
295 2124 399 2154 istaec
418 2122 569 2154 Schmidt
587 2123 639 2163 (qs.
659 2122 707 2153 (ια’
720 2122 848 2162 Amph.
862 2123 942 2161 589]y
960 2135 966 2153 :
984 2122 1047 2153 ista
1065 2128 1165 2161 atque
1183 2122 1247 2153 cod.
1312 2124 1446 2162 quiduis
1465 2123 1497 2152 Ι)

164 2176 228 2205 579
247 2170 321 2206 post
337 2168 407 2198 har.
425 2167 485 2197 alii
500 2177 565 2197 non
583 2166 791 2207 distinguunt
879 2167 939 2204 581
967 2177 1066 2205 quem
1085 2166 1148 2197 (od.
1255 2168 1319 2205 582
1345 2167 1494 2197 continui

164 2209 227 2240 cod.
263 2210 314 2249 (ff.
338 2210 444 2241 Harv.
464 2209 560 2240 stud.
581 2221 612 2249 9,
636 2211 711 2249 127)
855 2211 963 2249 58576
987 2211 1057 2240 exit
1081 2209 1194 2248 Atque
1218 2221 1287 2248 arg.
1317 2220 1382 2240 una
1408 2211 1494 2241 cod.:

163 2263 240 2283 corr.
266 2253 369 2284 Bothe
471 2254 535 2293 588
559 2253 659 2284 tacite
678 2252 740 2284 cod.
762 2263 768 2283 :
793 2263 869 2283 corr.
889 2252 1068 2283 Abraham
1082 2253 1244 2284 Stnd.Pl.
1268 2255 1327 2283 182
1430 2256 1494 2292 589

179 2295 223 2321 cui
1133 2296 1176 2322 cui

162 2331 239 2368 quoi
257 2330 322 2362 cod.
339 2331 385 2369 (v,
398 2341 430 2370 p.
446 2331 505 2370 8ο)
633 2340 696 2369 592
721 2329 795 2361 uale
814 2329 930 2361 addidi
1025 2341 1090 2369 593
1115 2331 1193 2369 quoi
1211 2330 1276 2361 cod.
1298 2330 1399 2363 (unde
1414 2331 1491 2370 quoi

161 2372 222 2410 3¹,
242 2374 291 2404 cui
304 2374 400 2413 Bw,
420 2374 498 2413 quoi
511 2374 562 2404 cui
576 2373 622 2409 E)
641 2375 687 2415 (v,
707 2384 737 2413 p.
757 2374 815 2411 80)
928 2374 1030 2404 affers
1047 2373 1119 2404 Ital.
1263 2384 1326 2413 594
1351 2385 1491 2414 suppre-

161 2426 250 2448 mum
267 2417 333 2449 cod.
349 2429 356 2447 :
383 2429 457 2448 corr.
484 2418 654 2449 Turnebus
758 2422 815 2448 tua
833 2417 912 2448 mihi
930 2416 1062 2448 Loman
