1727 2712
718 107 947 147 CAPTIVI
1451 107 1504 145 II.
1525 107 1572 145 iii

168 217 269 256 satin
289 218 423 264 habes,
447 218 633 256 mandata
653 231 754 268 quae
775 225 866 256 sunt
886 219 988 256 facta
1008 218 1038 256 si
1060 219 1214 256 refero?
1270 219 1342 255 Τγ.
1376 217 1478 256 satis.

170 285 340 321 PHILOC.
374 291 411 321 et
433 291 499 320 tua
519 291 556 321 et
578 292 644 320 tua
664 284 742 321 huc
762 291 922 321 ornatus
943 283 1142 321 reueniam
1164 298 1210 322 ex
1231 283 1435 321 sententia.

170 348 364 398 numquid
402 348 541 387 aliud?
615 351 688 387 Τγ.
735 356 776 387 ut
821 363 941 399 quam
980 349 1150 399 primum
1190 349 1316 399 possis
1355 350 1502 387 redeas.

1072 417 1243 453 PfflLoc.
1276 428 1335 452 res
1357 422 1502 453 monet.

172 481 252 517 HE.
284 492 447 528 sequere
468 493 543 526 me,
566 478 753 517 uiaticum
774 486 817 517 ut
836 480 928 518 dem
949 479 971 517 a
991 478 1175 528 tarpezita
1196 478 1277 526 tibi,

81 558 152 594 450
170 545 310 584 eadem
344 559 463 595 opera
492 559 514 583 a
546 553 723 595 praetore
757 558 910 583 sumam
946 546 1220 595 syngraphum.
1281 546 1353 583 Tv.
1386 559 1504 595 quem
1526 562 1569 595 90

1213 611 1476 659 syngraphum
1492 611 1508 647 ?

171 677 251 714 HE.
284 689 402 726 quem
434 676 497 714 hic
527 677 623 714 ferat
653 689 786 715 secum
817 677 867 715 ad
898 675 1105 726 legionem,
1138 675 1231 713 hinc
1260 675 1314 713 ire
1344 675 1435 713 huic
1465 683 1508 713 ut

1193 740 1306 779 liceat
1326 741 1503 778 domum.

169 815 211 846 tu
250 806 352 846 intro
390 807 465 846 abi.
526 809 598 846 Tv.
636 808 739 846 bene
778 808 1226 846 ambulat0.-1³H1L0c.
1264 806 1366 844 bene
1406 807 1503 843 uale.

996 875 1076 911 HE.
1109 873 1251 921 edepol
1273 885 1353 910 rem
1376 884 1505 909 meam

169 938 430 985 constabiliui‚
454 953 576 989 quom
598 939 684 978 illos
705 939 782 978 emi
804 940 853 979 de
875 940 1020 989 praeda
1039 952 1063 976 a
1083 937 1356 988 quaestoribus
1371 951 1381 985 5

170 1004 352 1054 expediui
373 1018 419 1042 ex
441 1004 627 1043 seruitute
650 1004 786 1052 filium,
808 1004 839 1043 si
860 1004 920 1043 dis
941 1006 1080 1054 placet.

81 1082 148 1119 455
168 1078 207 1107 at
228 1069 345 1108 etiam
362 1069 552 1115 dubitaui,
572 1071 644 1108 hos
665 1069 846 1108 homines
862 1083 1034 1109 emerem
1054 1084 1105 1108 an
1126 1083 1206 1108 non
1223 1082 1406 1114 emerem,
1425 1067 1503 1106 diu.
1526 1080 1568 1112 95

169 1142 320 1174 seruate
342 1134 459 1173 istum
481 1134 591 1173 sultis
612 1134 727 1181 intus,
751 1134 863 1181 serui,
887 1148 936 1173 ne
957 1148 1158 1185 quoquam
1180 1135 1323 1185 pedem

169 1203 313 1240 ecferat
333 1200 417 1239 sine
438 1202 614 1239 custode.
674 1214 747 1250 ego
770 1213 787 1233 *
810 1201 1010 1250 apparebo
1031 1200 1165 1248 domi3

169 1270 219 1306 ad
241 1270 397 1307 fratrem
420 1269 541 1307 modo
561 1267 647 1319 (ad)
667 1267 845 1318 captiuos
866 1267 963 1305 alios
984 1266 1113 1305 inuiso
1134 1279 1255 1312 meos,

170 1335 309 1372 eadem
331 1334 594 1384 percontabor
614 1333 748 1383 ecquis
770 1334 876 1371 hunc
896 1332 1190 1371 adulescentem
1214 1330 1379 1370 nouerit.

82 1404 152 1446 460
170 1412 333 1448 sequere
354 1407 406 1446 tu,
430 1407 467 1437 te
488 1406 529 1437 ut
549 1398 725 1437 amittam
743 1412 752 1445 ;
781 1397 816 1436 ei
837 1397 891 1436 rei
911 1396 1080 1448 primum
1102 1396 1296 1446 praeuorti
1319 1397 1475 1434 uolo.—
1529 1410 1589 1432 100

637 1600 895 1648 ACTVS
949 1599 1041 1646 Ill

679 1703 998 1739 ERGAsers
1527 1701 1632 1738 III.'1

171 1791 245 1828 ER.
279 1789 401 1828 Miser
427 1790 549 1828 homo
576 1796 634 1827 est
664 1788 731 1838 qui
759 1786 842 1838 ipse
871 1787 945 1826 sibi
974 1787 1083 1837 quod
1113 1786 1194 1825 edit
1222 1785 1373 1836 quaerit
1400 1794 1438 1823 et
1466 1784 1505 1823 id

1206 1865 1320 1901 aegre
1340 1850 1503 1897 inuenit,

169 1921 239 1959 sed
259 1920 323 1959 ille
343 1928 401 1960 est
423 1919 599 1959 miserior
619 1918 686 1968 qui
707 1925 746 1957 et
765 1932 879 1969 aegre
901 1917 1052 1968 quaerit
1073 1925 1111 1956 et
1132 1916 1229 1955 nihil
1252 1916 1402 1955 inuenit
1417 1931 1427 1963 ;

168 1985 231 2024 ille
259 1985 539 2032 miserrumust,
563 1984 629 2034 qui
651 1997 772 2034 quom
794 1997 879 2022 esse
900 1982 1018 2033 cupit,
1041 1981 1161 2034 (tum)
1180 1983 1289 2032 quod
1316 1981 1397 2021 edit
1424 1996 1504 2021 non

1372 2047 1502 2085 habet.

168 2128 260 2152 nam
281 2116 410 2154 hercle
431 2128 504 2164 ego
525 2113 617 2152 huic
637 2112 712 2159 die,
735 2111 766 2150 si
787 2111 912 2159 liceat,
935 2113 1072 2150 oculos
1093 2111 1288 2150 ecfodiam
1310 2111 1462 2158 lubens,

81 2183 147 2227 465
169 2179 221 2217 ita
242 2179 481 2229 malignitate
502 2177 680 2217 onerauit
700 2176 828 2215 omnis
850 2176 1023 2215 mortalis
1045 2175 1164 2222 mihi3
1521 2186 1538 2216 5

213 2295 275 2324 457
312 2285 484 2315 custodela
499 2284 658 2314 Gruterus
743 2279 853 2323 (iam)
864 2291 928 2319 ego
938 2280 1040 2310 Bothe
1054 2292 1060 2310 ε
1087 2290 1150 2319 ego
1162 2279 1360 2322 (desubito)
1376 2279 1502 2311 Schoell

168 2329 232 2367 458
264 2329 304 2358 ad
331 2327 407 2359 add.
438 2327 619 2360 Fleckeisen,
648 2324 827 2355 secundum
854 2335 978 2354 morem
1010 2324 1208 2355 Planlmnm
1357 2325 1415 2362 461
1453 2323 1501 2355 vel

169 2373 263 2411 ipsus
397 2374 461 2410 463
486 2376 555 2402 tum
574 2368 650 2400 add.
671 2368 836 2407 Niemqyer

211 2437 328 2458 PLAVT.
349 2437 359 2458 1
1372 2428 1383 2457 1
1393 2430 1409 2459 4
