1727 2712
698 114 927 153 CAPTIVI
1429 115 1482 151 II.
1503 113 1533 149 ii

150 220 246 261 mihi
265 222 337 260 des
357 235 428 273 pro
448 221 545 262 illo?
600 224 674 262 ΤΥ.
706 223 871 274 6ptuma
893 222 1028 262 immo.
1089 225 1172 262 HE.
1203 223 1346 262 soluite
1366 222 1483 261 istum

1285 288 1482 335 nunciam,

63 363 129 401 355
148 359 268 403 atque
287 359 508 403 utrumque.
568 355 640 392 Tv.
673 353 714 393 di
734 353 805 393 tibi
825 367 965 393 omnes
984 354 1120 394 omnia
1142 361 1277 405 optata
1296 355 1471 401 offerant,
1506 365 1565 397 105

149 430 272 467 quom
292 431 356 456 me
376 425 487 456 tanto
507 418 658 457 honore
677 419 864 457 honestas
884 432 1088 469 quomque
1107 433 1155 458 ex
1174 418 1314 457 uinclis
1334 418 1481 457 eximis.

149 484 226 521 hoc
246 482 408 533 quidem
430 484 508 522 hau
529 485 778 523 molestumst
798 483 887 531 iam,
909 485 1019 534 quod
1040 486 1165 522 collus
1185 483 1318 522 collari
1338 491 1452 522 caret.

150 549 231 586 HE.
263 549 373 598 quod
399 548 514 587 bonis
544 549 647 588 bene
675 549 718 587 fit
744 548 998 597 beneficium,
1016 549 1138 599 gratia
1166 562 1213 587 ea
1240 548 1401 599 grauida
1426 557 1485 588 est

1355 614 1481 652 bonis.

150 691 256 716 nune
272 686 313 716 tu
329 678 439 717 illum
460 679 491 717 si
512 679 579 718 illo
599 692 641 718 es
661 679 863 727 missurus,
878 679 978 726 dice,
1002 679 1242 726 dem6nstra‚
1264 679 1447 731 praecipe

63 747 132 793 360
150 756 251 794 quae
271 744 321 782 ad
342 751 491 794 patrem
516 744 576 782 uis
602 744 782 783 nuntiari.
842 745 909 783 uin
937 758 1078 783 uocem
1107 745 1184 782 huc
1209 745 1261 783 ad
1285 745 1352 783 te?
1408 746 1481 782 Tv.
1506 757 1566 779 110

1368 822 1480 848 uoca.

259 978 446 1016 HEG10
557 979 959 1017 PuinocRATEs
1069 979 1376 1015 TYNDARvs
1502 977 1548 1014 iii

152 1065 232 1103 HE.
266 1066 380 1114 Quae
400 1078 460 1103 res
481 1065 583 1103 bene
604 1072 731 1104 uortat
753 1065 849 1103 mihi
872 1078 1042 1115 meoque
1063 1064 1144 1103 filio

150 1129 355 1180 uobisque,
378 1131 461 1168 uolt
482 1138 521 1168 te
541 1143 668 1169 nouos
689 1143 776 1169 erus
797 1143 956 1179 operam
978 1131 1071 1168 dare

150 1202 220 1234 tuo
240 1194 361 1234 ueteri
383 1194 558 1242 domino,
581 1196 690 1245 quod
711 1194 743 1233 is
763 1194 869 1242 uelit,
892 1194 1066 1233 fideliter.

150 1273 242 1299 nam
263 1274 337 1311 ego
357 1268 395 1299 te
415 1268 678 1299 aestumatum
700 1261 792 1298 hui'c
813 1259 906 1299 dedi
927 1259 1062 1310 uiginti
1084 1258 1210 1307 minis,

64 1331 129 1377 365
150 1325 214 1364 hic
233 1334 365 1364 autem
387 1333 424 1364 te
444 1326 497 1364 ait
519 1326 672 1364 mittere
692 1325 784 1364 hinc
806 1327 906 1364 uelle
925 1327 975 1364 ad
996 1334 1157 1376 patrem,
1502 1342 1523 1375 5

151 1405 282 1430 meum
304 1393 345 1430 tit
366 1391 444 1429 illic
465 1391 631 1430 redimat
651 1391 786 1438 filium,
810 1391 975 1430 mutatio

150 1457 250 1496 inter
270 1471 333 1496 me
351 1465 471 1507 atque
491 1457 601 1495 illum
622 1464 664 1495 ut
684 1456 826 1494 nostris
848 1458 914 1495 fiat
934 1456 1031 1495 filiis.

152 1525 322 1561 PH1Loc.
355 1530 523 1573 utroque
552 1535 711 1561 uorsum
734 1529 920 1560 rectumst
940 1521 1140 1572 ingenium
1162 1534 1305 1569 meum,

150 1589 201 1627 ad
223 1590 289 1627 ted
309 1596 427 1639 atque
449 1588 557 1626 illum
578 1602 587 1635 ;
618 1600 688 1638 pro
709 1594 793 1625 rota
814 1600 876 1625 me
896 1587 952 1625 uti
972 1587 1062 1625 licet
1081 1602 1088 1625 :

65 1664 134 1700 370
151 1654 214 1692 uel
234 1667 307 1704 ego
327 1655 405 1692 huc
425 1655 488 1692 uel
509 1656 601 1691 illuc
622 1660 765 1700 uortar,
785 1665 866 1702 quo
885 1651 1135 1702 imperabitis.

154 1721 233 1758 HE.
266 1727 348 1758 tute
368 1719 438 1758 tibi
459 1727 597 1770 tuopte
618 1718 777 1768 ingenio
796 1718 938 1768 prodes
958 1718 1198 1768 plurumum,

151 1796 272 1833 quom
294 1784 521 1822 seruitutem
545 1784 599 1822 ita
620 1785 694 1822 fers
716 1791 758 1821 ut
776 1781 899 1834 (eam)
918 1782 1004 1820 ferri
1025 1783 1149 1820 decet.

151 1862 323 1898 sequere.
383 1863 445 1887 em
468 1850 538 1887 tibi
560 1848 774 1887 hominem.
833 1850 907 1886 ΤΥ.
937 1847 1099 1898 gratiam
1120 1847 1249 1885 habeo
1270 1846 1352 1894 tibi,

151 1927 272 1963 quom
291 1916 447 1966 copiam
468 1914 582 1953 istam
604 1914 656 1952 mi
678 1921 716 1952 et
736 1920 970 1965 potestatem
991 1912 1097 1959 facis,

65 1988 129 2024 375
151 1986 194 2017 ut
213 1992 286 2030 ego
305 1982 355 2018 ad
377 1988 557 2031 parentes
579 1981 684 2017 hunc
704 1980 898 2017 remittam
920 1977 1113 2024 nuntium,
1501 1991 1539 2022 15

152 2043 219 2094 qui
240 2058 303 2083 me
323 2045 418 2095 quid
440 2059 567 2083 rerum
589 2045 653 2083 hic
673 2044 816 2094 agitem
837 2051 875 2082 et
894 2044 992 2094 quid
1012 2043 1092 2081 fieri
1114 2042 1232 2081 uelim

152 2109 249 2158 patri
270 2123 359 2148 meo
380 2111 518 2148 ordine
538 2123 698 2147 omnem
720 2123 801 2147 rem
822 2109 914 2147 illuc
934 2109 1109 2158 perferat.

1502 1658 1545 1681 10

194 2221 257 2252 355
283 2214 426 2244 offerant
452 2213 624 2243 Fleckeisen
643 2224 649 2243 :
674 2212 785 2243 serant
808 2212 874 2243 cod.
1027 2221 1089 2250 357
1116 2211 1231 2240 collari
1251 2209 1407 2241 Donatus
1422 2210 1478 2249 (G.

152 2255 191 2286 L.
221 2265 250 2294 3,
279 2259 358 2295 393)
393 2260 430 2287 ut
461 2256 522 2288 vid.
545 2268 552 2287 ε
597 2255 735 2286 collaria
767 2255 830 2286 cod.
995 2265 1060 2293 359
1084 2258 1234 2284 monstra
1268 2253 1480 2284 Camerarius

150 2300 213 2338 364
238 2305 271 2329 te
288 2300 363 2330 huic
382 2301 459 2330 dedi
479 2304 702 2331 aestumatum
720 2299 824 2329 Bothe
841 2298 943 2337 :sort.
965 2303 1048 2329 aest.
1067 2298 1142 2327 huic
1160 2302 1193 2327 te
1212 2297 1288 2326 dedi
1414 2298 1479 2336 369

149 2347 252 2382 atque
269 2344 310 2373 ad
330 2343 421 2373 illurn
439 2343 489 2374 PE
660 2353 719 2381 371
748 2343 807 2373 tibi
822 2342 994 2373 Fleckeisen
1011 2354 1017 2372 z
1043 2342 1098 2371 tibi
1116 2341 1189 2381 [ea]
1207 2340 1271 2370 cod.
1288 2342 1338 2379 (cs.
1351 2350 1380 2370 v.
1396 2342 1477 2381 372)

149 2395 213 2426 372
239 2396 312 2417 eam
327 2386 402 2418 add.
423 2386 552 2418 Schoell
565 2397 604 2417 ex
619 2396 647 2417 v.
668 2396 744 2426 371,
762 2397 843 2417 nam
861 2386 907 2417 ita
922 2386 978 2416 vix
996 2384 1191 2415 Plautinum
