1727 2712
660 111 978 150 MERCATOR
1023 122 1025 124 ·
1400 108 1478 145 III.
1498 107 1545 144 iv

155 224 307 265 homini
327 226 448 264 docto
468 238 549 264 rem
571 225 769 272 mandare,
791 224 823 262 is
843 223 964 274 lapidi
985 224 1132 262 mando
1153 235 1348 261 maxumo.

157 293 228 330 Ev.
260 289 357 342 quid
377 303 450 341 ego
471 292 669 329 facerem?
726 291 803 330 CH.
836 288 934 339 quid
961 296 1002 327 tu
1026 290 1202 327 faceres?
1232 301 1322 325 men
1343 287 1485 336 rogas?

1256 351 1481 402 requireres,

156 421 342 472 rogitares
362 420 449 471 quis
470 428 572 460 esset
591 428 658 459 aut
679 421 786 459 unde
805 427 917 466 esset,
941 432 1020 470 qua
1039 417 1230 470 prosapia,

68 489 135 534 635
156 486 305 525 ciuisne
326 493 428 525 esset
443 499 493 524 an
515 485 749 537 peregrinus.
798 486 870 523 EV.
893 484 1022 523 ciuem
1043 497 1128 522 esse
1143 482 1278 522 aibant
1293 481 1481 520 Atticum.
1504 491 1548 522 50

157 553 234 590 CH.
267 550 334 589 ubi
355 550 548 589 habitaret
567 550 764 589 inuenires
784 551 934 596 saltem,
957 548 989 588 si
1009 562 1156 588 nomen
1176 548 1326 598 nequis.

158 617 229 654 Ev.
266 629 385 655 nemo
423 615 552 654 aiebat
586 615 694 654 scire.
772 616 850 655 CH.
886 622 926 653 at
963 615 1101 653 saltem
1135 613 1307 652 hominis
1346 611 1486 650 faciem

1251 678 1483 728 exquireres.

158 748 229 785 EV.
261 746 345 786 feci.
411 747 488 786 CH.
521 760 600 796 qua
633 747 757 784 forma
788 759 873 784 esse
906 744 1076 792 aiebant,
1110 742 1355 796 <Eutyche>P
1411 744 1484 780 Ev.

1147 822 1220 859 ego
1241 808 1370 847 dicam
1392 806 1486 846 tibi:

157 889 311 925 canum,
335 891 484 925 uarum,
507 877 762 923 uentriosum,
784 876 1078 922 bueculentum,
1101 873 1359 920 breuiculum‚

69 948 139 990 640
157 943 351 993 subnigris
373 942 511 990 oculis,
532 941 713 992 oblongis
734 941 857 988 malis,
881 953 1044 990 pansam
1065 939 1364 989 aliquantulum.
1507 952 1545 984 55

158 1009 234 1047 CH.
262 1021 343 1046 non
364 1007 568 1046 hominem
589 1006 643 1044 mi
659 1008 728 1045 sed
750 1007 1004 1045 thensaurum
1021 1004 1277 1054 nescioquem
1293 1015 1488 1040 memoras

1383 1068 1484 1106 mali.

158 1138 352 1189 numquid
373 1145 431 1176 est
456 1139 565 1188 quod
592 1137 700 1175 dicas
721 1136 829 1175 aliud
856 1137 907 1175 de
934 1135 1031 1174 illo?
1088 1137 1160 1173 Ev.
1192 1141 1356 1180 tanturn,
1380 1134 1489 1183 quod

1354 1199 1485 1237 sciam.

159 1269 236 1307 CH.
260 1269 402 1318 edepol
418 1281 468 1306 ne
484 1267 549 1306 ille
564 1267 746 1318 oblongis
760 1266 872 1305 malis
889 1266 985 1304 mihi
1001 1265 1111 1304 dedit
1127 1278 1314 1315 magnum
1329 1265 1486 1302 malum.

159 1346 239 1371 non
260 1346 422 1383 possum
443 1334 593 1379 durare,
617 1339 805 1371 certumst
827 1332 1044 1369 exsulatum
1068 1330 1160 1368 hinc
1180 1329 1234 1368 ire
1256 1342 1328 1367 me.

74 1397 137 1443 645
158 1400 229 1438 sed
249 1412 368 1448 quam
389 1398 542 1448 capiam
562 1398 762 1436 ciuitatem
783 1396 914 1446 cogito
934 1396 1197 1446 potissumum
1214 1410 1221 1433 :
1508 1398 1550 1430 60

159 1465 350 1514 Megares,
369 1463 571 1510 Eretriam,
588 1463 837 1509 Corinthum,
853 1461 1097 1508 Chalcidem,
1115 1462 1285 1507 Cretam,
1302 1461 1487 1510 Cyprum,

158 1528 379 1579 Sicyonem,
402 1528 589 1574 Cnidum,
612 1529 869 1577 Zacynthum,
894 1526 1089 1573 Lesbiam,
1115 1526 1332 1565 Boeotiam.

159 1595 230 1632 Ev.
272 1607 345 1644 qur
382 1593 482 1632 istuc
521 1600 681 1643 coeptas
720 1592 928 1631 eonsilium
942 1594 959 1629 Ρ
1035 1593 1112 1630 CH.
1154 1591 1246 1641 quia
1284 1591 1389 1629 enim
1428 1604 1492 1629 me

1172 1655 1348 1694 adflictat
1367 1669 1488 1694 amor.

159 1726 230 1762 Ev.
263 1724 359 1774 quid
390 1732 431 1762 tu
462 1723 548 1762 ais?
595 1723 692 1773 quid
721 1737 843 1773 quom
880 1723 971 1761 illuc
1006 1736 1087 1773 quo
1121 1735 1227 1760 nunc
1262 1720 1315 1759 ire
1348 1721 1491 1770 paritas

1324 1786 1488 1834 ueneris,

70 1860 141 1905 650
159 1856 190 1892 si
211 1854 264 1892 ibi
284 1868 416 1893 amare
436 1855 535 1892 forte
555 1853 726 1904 occipias
746 1862 866 1904 atque
886 1853 980 1892 item
1001 1853 1085 1892 eius
1106 1852 1154 1891 sit
1174 1851 1318 1901 inopia,
1510 1854 1552 1897 65

158 1919 235 1957 iam
257 1919 349 1958 inde
370 1932 486 1969 porro
505 1919 692 1969 aufugies,
712 1918 858 1957 deinde
875 1919 968 1957 item
990 1918 1106 1965 illinc,
1126 1918 1158 1955 si
1177 1916 1271 1955 item
1288 1916 1492 1955 euenerit?

158 1985 246 2034 quis
267 1986 409 2023 modus
430 1984 501 2022 tibi
522 1984 657 2023 exsilio
678 1985 839 2023 tandem
861 1984 1028 2030 eueniet,
1052 1982 1121 2033 qui
1142 1982 1230 2020 finis
1251 1983 1395 2032 fugae?

158 2064 260 2100 quae
280 2050 403 2100 patria
424 2057 491 2088 aut
511 2051 654 2088 domus
676 2049 746 2087 tibi
767 2049 916 2088 stabilis
937 2062 1022 2087 esse
1043 2047 1215 2099 poterit?
1245 2047 1309 2086 dic
1331 2046 1436 2085 mihi.

158 2117 268 2161 cedo,
293 2114 324 2152 si
345 2116 419 2153 hac
440 2115 536 2153 urbe
555 2114 652 2161 abis,
674 2127 850 2152 amorem
872 2122 910 2152 te
930 2114 994 2152 hic
1016 2113 1240 2152 relicturum
1262 2114 1406 2162 putas?

71 2182 137 2226 655
159 2180 190 2218 si
212 2180 251 2218 id
273 2181 354 2218 fore
374 2179 427 2217 ita
447 2186 505 2217 sat
524 2179 660 2217 animo
679 2187 888 2229 acceptum
909 2186 977 2226 est,
997 2186 1146 2217 certum
1168 2178 1218 2224 id,
1240 2191 1311 2228 pro
1331 2185 1438 2216 certo
1458 2177 1489 2216 si
1511 2191 1550 2226 70

1355 2242 1488 2290 habes,

202 2349 267 2387 632
292 2349 463 2380 mandaris
481 2348 500 2380 l.
521 2348 587 2380 cod.
720 2350 784 2387 638
808 2359 853 2379 an
871 2347 1001 2390 <fecisti
1016 2347 1047 2389 ἒ)
1064 2349 1150 2386 qua?
1239 2347 1394 2386 Eutyche
1409 2346 1486 2378 add.

160 2392 263 2423 Bothe
280 2393 340 2434 (iii.
362 2394 393 2432 2}
412 2404 417 2422 :
443 2392 571 2435 (ergo)
592 2391 750 2423 Gruterus
881 2393 945 2431 649
969 2391 1016 2421 vel
1031 2391 1089 2421 illo
1221 2392 1282 2430 651
1309 2390 1358 2421 vel
1372 2390 1453 2421 illim
