1727 2712
639 100 997 139 MENAECHMI
1431 101 1478 138 V.
1500 101 1561 138 vii

154 214 262 264 apud
281 213 348 252 ted
368 213 558 252 habitabo
578 219 617 252 et
638 213 799 263 quando
820 212 904 258 ibis,
928 225 1006 250 una
1026 218 1158 250 tecum
1179 211 1246 250 ibo
1267 213 1442 251 domum.
1501 229 1541 261 45

49 290 133 327 1035
156 280 273 317 MEN.
311 277 483 316 minime.
545 279 652 316 MEs.
684 291 789 315 nunc
818 276 884 315 ibo
912 276 951 314 in
978 277 1193 323 tabernam,
1218 291 1332 315 uassa
1363 284 1482 326 atque

1185 350 1390 393 argentum
1411 341 1483 380 tibi

154 410 328 447 referam.
387 417 490 447 recte
511 416 569 447 est
589 407 839 459 opsignatum
860 407 899 445 in
921 407 1058 446 uidulo
1079 408 1347 458 marsuppium

154 487 245 512 cum
262 473 407 512 uiatico
426 490 433 512 :
464 473 503 512 id
522 473 591 512 tibi
609 473 685 512 iam
703 474 781 511 huc
796 474 982 511 adferam.
1036 474 1151 510 MEN.
1183 474 1293 511 adfer
1313 481 1479 512 strenue.

156 540 260 577 MEs.
293 540 445 577 saluom
484 538 555 576 tibi
594 538 647 576 ita
685 546 727 576 ut
766 537 861 576 mihi
895 537 1039 576 dedisti
1073 537 1251 576 reddib6.
1321 538 1385 576 hic
1419 551 1483 576 me

1299 617 1482 641 mane.—

154 671 268 708 ΜΕΝ.
304 669 425 708 nimia
464 669 560 708 mira
599 668 695 708 mihi
730 668 891 720 quidem
927 668 1047 707 hodie
1086 676 1218 707 exorta
1252 676 1344 707 sunt
1374 668 1482 706 miris
1502 683 1545 715 50

1328 733 1457 772 modis
1474 749 1481 772 ε

45 812 136 846 1040
152 799 217 838 alii
238 813 302 839 me
321 808 466 851 negant
487 814 578 839 eum
600 813 685 839 esse
705 799 773 850 qui
794 814 881 838 sum
902 807 1021 850 atque
1042 800 1256 839 excludunt
1277 800 1378 838 foras
1397 814 1406 846 3

153 864 271 903 etiam
292 864 356 903 hic
373 878 528 903 seruom
545 878 587 903 se
603 878 736 903 meum
753 878 838 903 esse
851 864 980 903 aiebat
994 877 1113 914 quem
1131 877 1204 914 ego
1221 863 1331 902 emisi
1350 877 1480 910 manu,

153 927 236 982 [uel
257 930 321 968 ille
341 930 409 981 qui
430 944 471 969 se
492 938 624 981 petere
644 938 849 980 argentum
870 931 1003 976 modo,
1022 929 1089 980 qui
1110 943 1265 967 seruom
1287 942 1328 967 se
1349 942 1481 967 meum

25 1003 134 1041 1042a
152 1008 238 1034 esse
257 995 398 1042 aiebat,
415 994 526 1046 (med
546 1008 656 1033 erum
677 994 818 1046 suom),
837 1008 956 1044 quem
973 1008 1046 1044 ego
1067 995 1189 1032 modo
1209 993 1320 1032 emisi
1342 990 1480 1046 manu]

153 1056 184 1095 is
203 1056 257 1095 ait
277 1070 319 1095 se
339 1056 435 1095 mihi
454 1057 676 1095 adlaturum
698 1069 789 1094 cum
808 1064 970 1107 argento
991 1055 1260 1106 marsuppium
1279 1071 1286 1094 ε
1502 1067 1543 1101 55

152 1121 192 1160 id
213 1121 245 1160 si
264 1121 445 1167 attulerit,
468 1120 599 1159 dicam
620 1128 663 1159 ut
682 1134 705 1159 a
725 1134 789 1159 me
808 1121 924 1159 abeat
944 1121 1041 1159 liber
1062 1134 1141 1170 quo
1162 1122 1282 1168 uolet,

45 1195 132 1233 1045
151 1200 202 1225 ne
222 1194 319 1233 turn,
340 1187 503 1236 quando
524 1199 641 1225 sanus
662 1186 787 1225 factus
808 1185 867 1233 sit,
890 1200 913 1224 a
933 1199 996 1224 me
1016 1193 1218 1236 argentum
1241 1193 1356 1236 petat.

151 1264 262 1290 socer
281 1258 321 1290 et
340 1250 518 1289 medicus
539 1264 602 1289 me
622 1250 793 1289 insanire
812 1250 980 1289 aiebant.
1040 1250 1137 1301 quid
1158 1251 1206 1288 sit
1227 1251 1323 1289 mira
1343 1259 1444 1290 sunt.

150 1317 247 1355 haec
268 1315 392 1355 nihilo
413 1329 498 1355 esse
519 1316 614 1354 mihi
636 1316 822 1355 uidentur
837 1316 957 1355 setius
977 1329 1096 1366 quam
1118 1316 1282 1354 somnia.

149 1395 256 1420 nunc
285 1381 353 1419 ibo
382 1380 484 1419 intro
512 1381 564 1419 ad
593 1382 696 1420 hanc
727 1381 982 1429 meretricem,
1006 1394 1248 1431 quamquam
1276 1390 1478 1421 suscenset
1499 1386 1542 1420 60

1369 1447 1476 1495 mihi,

150 1511 181 1550 si
200 1525 363 1563 possum
380 1525 538 1551 exorare
554 1520 596 1551 ut
612 1513 755 1562 pallam
772 1513 911 1551 reddat
928 1525 1047 1562 quam
1064 1513 1225 1551 referam
1244 1513 1478 1551 domum.—

369 1602 769 1639 MENAECHMVS
812 1601 863 1637 II
979 1601 1276 1638 MEssnnlo
1497 1603 1573 1640 viii

41 1677 132 1715 1050
152 1672 266 1709 ΜΕΝ.
315 1671 412 1708 Men
450 1669 571 1709 hodie
609 1683 775 1720 usquam
816 1669 1051 1708 conuenisse
1090 1677 1139 1717 te,
1180 1671 1319 1717 audax,
1355 1672 1478 1710 audes

1333 1736 1475 1782 dicere,

185 1826 264 1863 post
292 1822 375 1861 1036
400 1822 432 1852 in
459 1821 493 1851 P
512 1822 630 1862 legitur
653 1832 684 1853 v.
715 1832 796 1860 1044
823 1833 882 1852 suo
909 1823 974 1853 loco
1001 1822 1148 1863 appetitus
1173 1822 1225 1861 (ej.
1250 1822 1295 1852 ad
1318 1833 1345 1853 v.
1377 1825 1475 1860 1028)

151 1876 297 1905 1037»4.4
314 1877 342 1897 v.
363 1865 410 1896 ad
427 1866 520 1904 1028,
541 1867 623 1904 1036
715 1875 794 1904 1037
820 1865 927 1904 Quom
947 1865 1011 1896 cod.
1109 1875 1192 1905 1039
1216 1866 1307 1896 miris
1326 1876 1388 1897 mo.
1416 1868 1480 1903 (vel

149 1910 264 1940 multis
285 1911 365 1949 mo.)
384 1909 448 1940 cod.
584 1919 675 1948 1041,
699 1911 798 1948 1042ίίι
822 1909 984 1939 restituere
1000 1913 1135 1939 conatus
1150 1920 1227 1939 sum
1244 1920 1250 1939 :
1274 1910 1308 1939 1‘11
1324 1910 1357 1939 A
1376 1915 1475 1950 appa-

149 1956 220 1983 rent
244 1953 335 1983 initia
361 1963 411 1983 vv.
440 1962 518 1990 1041
540 1952 580 1991 <25
606 1956 634 1982 el
657 1963 750 1992 1043,
780 1954 910 1983 omissis
933 1964 981 1983 vv*
1012 1963 1095 1992 1042
1119 1957 1148 1983 et
1174 1954 1291 1990 10422:
1316 1953 1366 1983 vel
1389 1964 1478 1985 nnus

148 2007 259 2027 versus
274 1997 307 2026 in
323 1996 356 2026 P
371 2008 378 2026 ι

192 2040 293 2070 etiam
317 2040 371 2070 hic
396 2050 530 2070 seruom
555 2050 631 2070 esse
655 2050 692 2070 se
717 2050 827 2070 meum
851 2040 961 2071 aiebat
985 2050 1085 2079 quem
1108 2050 1172 2078 ego
1193 2040 1289 2070 emisi
1315 2051 1414 2071 manu

149 2083 198 2115 vel
211 2083 276 2114 duo
290 2095 297 2114 :

169 2128 223 2158 uel
240 2127 295 2158 ille
312 2127 367 2166 qui
385 2137 423 2158 se
439 2132 557 2167 petere
574 2127 674 2157 modo
691 2132 878 2166 argentum.
931 2128 1030 2157 modo
1047 2127 1102 2166 qui
1121 2137 1256 2157 seruom
1274 2137 1309 2157 se
1327 2137 1436 2159 meum

172 2181 244 2203 esse
261 2171 380 2201 aiebat.
428 2181 526 2210 quem
543 2181 607 2209 ego
624 2171 722 2201 modo
739 2171 835 2201 emisi
853 2181 951 2202 manu

149 2224 232 2253 1041
257 2214 306 2245 vel
324 2215 415 2245 aibat
538 2224 620 2252 1042
633 2215 714 2253 fort.
735 2213 786 2244 Illi
814 2215 985 2253 (πάππα),
1011 2214 1067 2244 del.
1095 2214 1148 2245 uel
1176 2213 1295 2254 (Class.
1319 2215 1397 2246 Rev.
1423 2227 1472 2251 10,

147 2258 226 2297 333)
378 2268 459 2296 1044
483 2258 532 2287 vel
546 2258 622 2288 med
770 2268 851 2297 1043
880 2269 923 2288 ne
941 2264 1010 2288 tum
1024 2257 1233 2288 Lambinus:
1259 2260 1384 2289 nedum
1408 2260 1471 2290 cod.

151 2302 234 2340 1046
254 2301 272 2331 i.
290 2301 425 2332 aiebant
455 2301 683 2332 Camerarius:
710 2301 729 2331 i.
749 2301 904 2332 dicebant
920 2301 984 2332 cod.
1005 2302 1030 2342 (ἲ
1043 2302 1063 2331 (1
1084 2306 1144 2341 pro
1165 2312 1203 2335 a:
1228 2301 1269 2332 vi.
1290 2312 1318 2340 1,
1335 2312 1368 2341 p.
1389 2304 1446 2342 84‘)
1467 2316 1474 2334 ς

147 2345 204 2375 vix
218 2346 354 2375 insanir⁷
375 2346 418 2375 di.
436 2344 486 2375 vel
505 2345 651 2374 insanire
676 2344 828 2375 dicebant
923 2355 1002 2384 1047
1030 2345 1156 2375 sectius
1177 2344 1242 2376 Vel.
1265 2344 1404 2387 Longus
1419 2353 1472 2390 ap.

150 2388 288 2421 Gellimn
310 2390 359 2427 18,
377 2399 408 2427 9,
428 2398 458 2428 4,
478 2388 534 2419 ubi
546 2388 659 2418 minus
671 2392 734 2430 pro
750 2389 829 2420 mihi
847 2388 933 2419 codd.
957 2388 1048 2419 Gellii
