1727 2712
642 127 991 168 AMPHITRVO
1401 127 1479 165 111.
1500 125 1530 162 ii

148 252 186 284 et
206 243 246 283 id
267 244 345 281 huc
365 240 508 281 reuorti
529 240 585 280 uti
607 253 670 280 me
691 253 896 291 purgarem
917 238 1000 279 tibi.

60 322 130 357 910
147 323 238 348 nam
260 321 477 358 numquam
498 307 712 357 quicquam
734 319 824 345 meo
843 305 977 344 animo
997 304 1069 343 fuit
1089 302 1242 354 aegrius

146 388 265 425 quam
286 381 496 424 postquam
516 372 652 411 audiui
674 373 739 411 ted
761 385 846 410 esse
866 371 1004 409 iratam
1025 369 1131 408 mihi.

147 453 219 491 qur
238 438 398 479 dixisti?
427 437 593 488 inquies.
653 450 727 488 ego
747 436 955 488 expediam
977 435 1058 474 tibi.

146 518 228 544 non
248 505 391 555 edepol
412 516 492 554 quo
513 510 551 542 te
572 516 657 542 esse
678 502 907 553 inpudicam
928 501 1129 539 crederem
1145 513 1156 547 ;

147 584 284 609 uerum
305 568 544 620 periclitatus
566 569 653 607 sum
673 567 851 606 animum
872 574 983 606 tuom

36 663 39 670 ι
60 651 126 688 915
148 635 244 686 quid
264 636 411 673 faceres
432 642 469 672 et
491 647 570 684 quo
592 640 709 684 pacto
729 633 769 672 id
790 634 888 672 ferre
908 632 1126 670 induceres.

147 701 333 751 equidem
354 700 443 739 ioco
464 700 529 738 illa
549 700 723 739 dixeram
745 700 898 738 dudum
919 698 1002 746 tibi,

147 766 299 805 ridiculi
319 779 467 804 caussa.
528 766 591 804 uel
612 766 718 803 hunc
738 771 874 814 rogato
895 763 1058 802 Sosiam.

148 835 220 871 AL.
254 831 349 884 quin
370 832 448 869 huc
469 830 636 869 adducis
659 842 790 868 meum
812 836 1024 878 cognatum
1047 830 1298 876 Naucratem,

149 905 289 937 testem
311 910 430 947 quem
451 896 603 935 dudum
626 902 664 934 te
684 896 950 933 adducturum
971 894 1123 933 dixeras

61 977 132 1012 920
149 971 187 1002 te
208 964 285 1001 huc
306 976 388 1001 non
408 961 595 1000 uenisse?
654 962 711 999 Iv.
745 960 775 998 si
797 959 893 1010 quid
915 959 1066 999 dictum
1087 967 1145 998 est
1166 973 1234 1010 per
1255 959 1398 1007 iocum,

150 1042 230 1067 non
250 1041 421 1078 aequom
442 1034 500 1065 est
520 1026 561 1065 id
582 1033 619 1064 te
640 1025 740 1064 serio
761 1025 1010 1076 praeuortier.

149 1097 223 1133 AL.
255 1107 328 1144 ego
349 1093 458 1131 illum
479 1092 562 1131 scio
583 1105 701 1142 quam
724 1091 892 1131 doluerit
913 1091 1022 1131 cordi
1044 1105 1144 1130 meo.

151 1161 209 1198 Iv.
242 1173 310 1210 per
330 1160 530 1198 dexteram
552 1166 660 1196 tuam
682 1165 731 1205 te,
755 1158 988 1204 Alcumena,
1012 1171 1093 1204 oro,
1116 1170 1292 1208 opsecro,

149 1227 200 1264 da
221 1225 316 1264 mihi
338 1226 440 1263 hanc
461 1223 630 1271 ueniam,
654 1223 825 1274 ignosce,
848 1222 944 1261 irata
965 1237 1014 1261 ne
1034 1223 1119 1262 sies.

62 1303 128 1340 925
150 1293 222 1330 AL.
255 1304 329 1342 ego
349 1290 470 1329 istaec
491 1288 565 1328 feci
587 1288 709 1327 uerba
729 1288 872 1327 uirtute
894 1288 1008 1326 inrita
1024 1303 1032 1335 3

150 1369 266 1404 nunc,
289 1357 452 1406 quando
472 1354 584 1393 factis
606 1368 670 1392 me
691 1353 889 1403 inpudicis
909 1353 1064 1404 apstini,

146 1423 198 1461 ab
218 1422 415 1473 inpudicis
436 1420 552 1460 dictis
573 1419 699 1458 auorti
721 1421 824 1458 uolo.

148 1490 291 1536 ualeas,
314 1488 385 1526 tibi
406 1487 553 1525 habeas
575 1499 634 1524 res
656 1493 753 1532 tuas,
778 1486 920 1524 reddas
942 1498 1060 1524 meas.

149 1554 270 1593 iuben
291 1553 345 1591 mi
366 1554 420 1591 ire
440 1552 636 1591 comites?
696 1552 754 1589 IV.
787 1563 910 1589 sanan
931 1553 1002 1589 es?
1059 1554 1132 1589 AL.
1165 1551 1196 1590 si
1218 1565 1297 1591 non
1320 1552 1442 1600 iubes,

62 1635 133 1671 930
150 1620 217 1658 ibo
238 1626 394 1670 egomet
410 1633 420 1667 3
448 1618 635 1657 comitem
658 1616 754 1654 mihi
777 1615 1012 1655 Pudicitiam
1034 1618 1194 1656 duxero.

151 1687 209 1724 Iv.
242 1699 368 1724 mane.
427 1684 615 1723 arbitratu
637 1690 706 1721 tuo
728 1682 787 1721 ius
808 1682 1018 1721 iurandum
1040 1683 1146 1721 dabo

151 1764 214 1790 me
235 1763 364 1789 meam
385 1749 572 1801 pudicam
592 1762 679 1788 esse
700 1761 861 1787 uxorem
881 1747 1111 1786 arbitrarier.

151 1817 191 1856 id
212 1830 284 1867 ego
305 1816 336 1855 si
357 1817 460 1862 fallo,
484 1823 566 1853 tum
589 1822 637 1861 te,
662 1827 816 1852 summe
839 1813 1028 1863 Iuppiter,

150 1895 299 1933 quaeso
320 1880 602 1932 Amphitruoni
624 1887 666 1918 ut
688 1893 843 1930 semper
863 1879 982 1917 iratus
1004 1880 1091 1918 sies.

62 1960 129 1997 935
151 1950 223 1986 AL.
255 1961 288 1994 a,
311 1946 502 1997 propitius
524 1945 572 1984 sit
592 1945 735 1996 potius.
796 1946 854 1983 IV.
887 1945 1047 1983 confido
1068 1946 1174 1993 fore3

150 2026 241 2051 nam
262 2012 321 2051 ius
343 2012 552 2051 iurandum
574 2025 711 2050 uerum
733 2019 771 2050 te
792 2011 1006 2050 aduorsum
1029 2011 1132 2050 dedi.

149 2078 227 2117 iam
248 2091 354 2117 nunc
374 2077 470 2116 irata
491 2091 572 2116 non
594 2079 664 2115 es?
722 2079 795 2115 AL.
827 2090 908 2115 non
930 2090 1028 2115 sum.
1090 2079 1149 2116 Iv.
1182 2077 1284 2116 bene
1304 2077 1409 2117 facis.

150 2156 241 2181 nam
263 2143 302 2181 in
323 2142 531 2181 hominum
553 2150 681 2180 aetate
702 2143 826 2180 multa
847 2142 1037 2181 eueniunt
1058 2143 1284 2181 huiusmodi
1303 2158 1309 2181 :

151 2209 311 2259 capiunt
331 2210 565 2259 uoluptates,
590 2208 750 2258 capiunt
771 2221 904 2246 rusum
927 2208 1101 2247 miserias
1118 2225 1126 2256 3

63 2286 133 2321 940
151 2273 230 2312 irae
250 2273 529 2320 interueniunt,
553 2274 718 2311 redeunt
739 2286 872 2311 rusum
894 2273 934 2312 in
955 2274 1128 2324 gratiam.

195 2388 260 2416 922
284 2378 364 2409 illud
389 2377 462 2408 Ital.
597 2387 661 2416 924
686 2376 772 2407 hanc
791 2377 871 2407 mihi
889 2378 930 2408 da
948 2377 1131 2417 Fleckeisen,
1149 2389 1187 2408 ne
1202 2379 1244 2409 sit
1258 2379 1368 2410 hiatus
1385 2378 1485 2421 mihil

154 2421 239 2452 hanc
343 2422 408 2461 926
431 2420 556 2453 abstini
574 2419 707 2451 Luchs:
732 2420 882 2452 abstines
901 2421 975 2462 (pro
990 2423 1080 2459 -nei;
1105 2422 1124 2453 i.
1145 2423 1180 2463 7)

1500 386 1543 419 30

1502 712 1544 745 35

1502 1037 1545 1070 40

1503 1375 1544 1408 45

1504 1699 1548 1733 50

1505 2024 1546 2057 55
