1727 2712
596 107 954 146 MENAECHMI
1406 105 1436 142 I.
1457 104 1486 141 ii

111 232 203 258 nam
223 218 254 257 si
275 218 367 257 foris
387 226 516 266 cenat,
535 219 712 269 profecto
734 217 806 264 me,
830 218 937 256 haud
957 230 1130 264 uxorem,
1152 215 1362 255 ulciscitur.

113 285 228 322 ΜΕΝ.
259 297 358 322 euax
377 287 384 322 ἱ
415 284 538 333 iurgio
559 285 689 322 hercle
710 284 870 321 tandem
893 296 1053 321 uxorem
1075 281 1187 331 abegi
1208 282 1259 320 ab
1279 281 1406 319 ianua.

163 348 231 387 ubi
253 356 343 387 sunt
362 356 556 387 amatores
578 348 733 386 mariti?
762 349 869 386 dona
889 347 985 397 quid
1006 355 1160 385 cessant
1182 347 1278 384 mihi

163 415 339 452 conferre
359 427 498 452 omnes
519 414 834 463 congratulantes
855 412 946 462 quia
966 412 1138 462 pugnaui
1159 411 1336 450 fortiter?
1462 429 1503 451 20

27 491 93 526 130
110 479 212 516 hanc
233 479 355 516 modo
375 478 484 516 uxori
505 478 609 516 intus
630 479 772 528 pallam
794 477 988 528 surrupui,
1008 479 1058 515 ad
1080 485 1252 516 scortum
1273 478 1366 515 fero.

163 542 218 581 sic
239 544 315 581 hoc
336 544 461 589 decet,
485 543 567 581 dari
589 544 713 581 facete
734 543 855 581 uerba
876 543 1031 581 custodi
1052 550 1172 581 eatae.

163 609 239 646 hoc
270 607 421 646 facinus
455 609 711 657 pulchrumst‚
744 609 820 646 hoc
854 608 1071 658 probumst‚
1104 609 1180 646 hoc
1214 607 1440 658 lepidumst,

1008 675 1085 712 hoc
1106 675 1290 711 factumst
1310 673 1441 711 fabre:

219 752 309 777 meo
330 740 434 778 malo
453 752 476 777 a
496 740 599 777 mala
618 738 761 789 apstuli
782 740 869 785 hoc,
892 739 943 777 ad
964 740 1155 777 damnum
1176 739 1379 777 deferetur.

203 804 343 842 'auorti
365 805 551 854 praedam
571 805 623 842 ab
644 803 823 842 hostibus
845 811 1021 841 nostrum
1044 805 1168 841 salute
1188 803 1351 842 socium.
1465 816 1503 848 25

27 875 89 914 135
112 870 181 907 PE.
212 870 310 907 heus
325 871 559 908 adulescens
577 872 583 907 l
614 883 739 919 ecqua
760 868 800 906 in
821 869 916 907 istac
933 882 1020 918 pars
1037 868 1137 906 inest
1153 869 1299 918 praeda
1319 869 1445 908 mihi?

110 935 225 972 ΜΕΝ.
259 934 378 985 perii!
409 934 449 972 in
476 934 638 972 insidias
668 934 823 973 deueni.
885 935 953 972 PE.
986 934 1109 972 immo
1130 933 1169 971 in
1191 934 1441 984 praesidium,

1265 1013 1315 1038 ne
1335 999 1440 1038 time.

108 1065 223 1103 MEN.
274 1064 362 1115 quis
401 1066 523 1103 homo
561 1067 650 1103 est?
725 1067 793 1103 PE.
835 1079 908 1116 ego
947 1079 1044 1103 sum.
1124 1066 1240 1103 MEN.
1293 1078 1317 1103 o
1356 1078 1444 1103 mea

678 1131 968 1175 Commoditas,
989 1144 1013 1169 o
1034 1144 1122 1169 mea
1143 1130 1440 1180 Opportunitas,

107 1197 226 1233 salue.
286 1196 355 1233 PE.
388 1197 506 1234 salue.
582 1197 696 1234 MEN.
730 1195 825 1246 quid
855 1195 966 1245 agis?
1038 1198 1105 1234 PE.
1138 1203 1255 1234 teneo
1285 1197 1444 1234 dextera

1114 1260 1273 1311 genium
1294 1275 1440 1300 meum.

110 1326 224 1363 ΜΕΝ.
267 1338 347 1363 non
382 1325 544 1375 potuisti
574 1325 688 1375 magi’
722 1340 790 1376 per
823 1334 978 1376 tempus
1014 1326 1065 1363 mi
1100 1325 1289 1364 aduenire
1323 1339 1441 1375 quam
1466 1342 1506 1372 30

1264 1391 1440 1430 aduenis.

24 1464 91 1501 140
110 1456 179 1493 PE.
212 1454 265 1493 ita
285 1469 358 1506 ego
380 1457 512 1494 soleo:
543 1455 838 1494 commoditatis
859 1456 988 1494 omnis
1009 1456 1193 1494 articulos
1215 1456 1307 1494 scio.

108 1521 225 1559 MEN.
256 1521 325 1559 uin
355 1529 397 1559 tu
427 1521 577 1559 facinus
605 1523 850 1559 luculentum
881 1521 1103 1571 inspicere?
1174 1524 1243 1559 PE.
1284 1521 1370 1571 quis
1403 1521 1443 1560 id

1140 1586 1243 1624 coxit
1264 1588 1444 1637 coquos?

106 1650 184 1688 iam
205 1651 338 1698 sciam,
361 1652 392 1690 si
413 1652 509 1702 quid
530 1652 790 1699 titubatumst,
814 1652 882 1691 ubi
903 1652 1085 1702 reliquias
1106 1652 1253 1691 uidero.

109 1717 224 1755 ΜΕΝ.
264 1717 329 1755 dic
368 1717 433 1764 mi,
470 1731 711 1767 enumquam
751 1726 793 1755 tu
832 1717 964 1756 uidisti
1004 1719 1177 1756 tabulam
1217 1718 1363 1768 pictam
1402 1718 1441 1756 in

1296 1783 1441 1833 pariete

96 1843 176 1884 'ubi
196 1847 328 1896 aquila
349 1847 614 1886 Catameitum
636 1856 787 1897 raperet
808 1856 874 1886 aut
896 1848 963 1886 ubi
988 1850 1124 1886 Venus
1146 1849 1391 1886 Adoneum?
1463 1861 1502 1894 35

24 1919 87 1957 145
111 1913 178 1949 PE.
210 1925 337 1962 saepe.
399 1913 468 1951 sed
489 1912 586 1962 quid
607 1912 703 1950 istae
723 1914 897 1962 picturae
916 1914 966 1951 ad
989 1927 1052 1952 me
1067 1913 1263 1951 attinent?
1324 1915 1438 1951 ΜΕΝ.

1121 1993 1192 2029 age
1214 1992 1276 2016 me
1296 1978 1439 2028 aspice.

107 2042 252 2092 ecquid
272 2043 469 2081 adsimulo
490 2043 695 2082 similiter?
752 2046 820 2082 PE.
853 2044 920 2094 qui
942 2044 1027 2083 istic
1049 2052 1106 2083 est
1129 2045 1288 2082 ornatus
1309 2045 1427 2082 tuos?

156 2147 282 2186 126-58
306 2145 389 2176 deest
414 2145 447 2176 A
595 2148 654 2177 126
678 2147 728 2177 vel
740 2147 896 2187 profecto
913 2149 988 2178 med
1149 2157 1207 2186 127
1232 2148 1346 2178 hercle
1371 2158 1439 2179 om.

108 2190 174 2221 cod.
198 2189 355 2220 Varronis
370 2189 413 2220 L.
430 2190 470 2220 L.
492 2201 519 2229 7,
540 2200 583 2229 93
693 2201 754 2230 130
767 2191 848 2230 fort.
867 2190 998 2234 (hanc)
1016 2193 1102 2221 hanc
1122 2191 1254 2225 (iamb.)
1379 2201 1439 2231 135

99 2233 183 2272 sort.
196 2234 313 2273 ecquis
330 2232 365 2263 in
384 2233 401 2263 i.
473 2234 597 2273 praeda
613 2233 822 2265 Camerarius
836 2247 843 2266 ε
868 2245 927 2274 pre
944 2235 1009 2266 cod.
1026 2247 1030 2265 z
1057 2235 1184 2273 praemi
1201 2235 1273 2265 Ital.
1380 2237 1439 2273 136

109 2277 248 2307 deuenit
268 2287 358 2307 'corn
377 2276 436 2315 ΒΖ)
455 2277 520 2308 cod.
632 2287 692 2317 139
707 2278 758 2308 vel
770 2289 869 2317 mage
980 2288 1035 2316 141
1054 2288 1183 2317 quocus
1199 2278 1262 2309 cod.
1379 2289 1438 2318 143

109 2330 310 2358 enumquam
340 2320 424 2350 Brix
438 2322 493 2360 (ex
506 2320 635 2351 Auson.
654 2331 706 2360 24,
727 2332 752 2360 1,
772 2332 804 2360 p.
826 2332 879 2351 121
900 2321 1015 2359 Sclzssj:
1042 2332 1188 2360 numqua
1208 2321 1266 2361 (B)
1279 2322 1330 2352 vel
1344 2333 1436 2353 num-

109 2373 208 2402 quam
229 2363 330 2403 (Ῥῑῡ)
347 2363 414 2394 cod.
548 2374 608 2403 145
632 2365 681 2394 vel
696 2365 799 2395 istaec
922 2367 981 2404 146
1005 2366 1080 2404 quis
1096 2365 1161 2405 alii,
1181 2365 1285 2404 sedcf.
1305 2365 1438 2407 Seyffi’rt

111 2406 213 2448 (Berl.
232 2406 316 2437 Phil.
340 2406 447 2438 Woch.
469 2416 517 2449 13,
537 2407 616 2449 278)
704 2409 753 2438 vel
768 2413 921 2439 ornatust
