1727 2702
86 134 162 171 111.
186 134 231 170 iii
609 135 654 172 T.
688 134 868 174 MACCI
901 134 1104 172 PLAVTI

189 256 317 295 neque
347 243 506 283 exitium
537 243 654 283 exitio
683 251 741 282 est
771 256 901 294 neque
928 244 1031 282 adeo
1060 256 1159 294 spes,
1192 256 1293 294 quae
1327 243 1380 282 mi
1414 245 1522 284 hunc

965 315 971 321 ⁴
1172 311 1335 360 aspellat
1357 318 1518 357 metum,

148 387 165 418 5
187 387 259 413 nec
280 374 458 414 subdolis
479 374 695 414 mendaciis
716 373 811 412 mihi
832 386 998 424 usquam
1021 376 1250 413 mantellum
1272 382 1331 413 est
1351 375 1458 422 meis,
1541 384 1610 421 520

187 452 259 477 nec
280 439 546 489 sycophantiis
568 452 640 478 nec
661 438 759 478 fucis
779 439 903 477 ullum
924 440 1155 477 mantellum
1176 438 1336 478 obuiam
1357 447 1426 486 est,

185 517 315 554 neque
335 504 561 554 deprecatio
581 503 752 554 perfidiis
773 503 870 543 meis
891 517 965 542 nec
986 503 1201 543 malefactis
1221 505 1312 554 fuga
1331 512 1400 551 est,

185 582 259 608 nec
292 569 557 608 confidentiae
588 581 754 619 usquam
786 568 1000 619 hospitium
1031 576 1090 607 est
1123 582 1197 607 nec
1230 569 1519 608 deuorticulum

1393 634 1494 673 dolis
1512 649 1518 672 :

188 706 323 750 operta
343 713 444 750 quae
467 701 570 738 fuere
591 707 723 750 aperta
745 706 846 746 sunt,
869 705 1004 749 patent
1025 698 1268 750 praestigiae,
1289 711 1369 738 om-

400 764 474 802 ·nis
496 778 554 802 res
577 766 704 814 palam
725 771 794 810 est,

127 842 166 864 10
294 842 423 879 neque
444 830 493 868 de
515 831 588 867 hac
610 843 648 867 re
669 829 869 879 negotium
891 836 949 868 est
1541 846 1604 883 525

187 894 281 944 quin
298 896 399 933 male
412 894 592 933 occidam
602 901 868 944 oppetamque
882 901 1033 943 pestem
1043 893 1096 932 eri
1111 894 1516 945 uicem—meamque.

188 959 358 1009 perdidit
380 972 442 997 me
464 958 767 1009 Aristophontes
789 959 851 997 hic
873 960 995 998 modo
1014 959 1080 1009 qui
1103 959 1211 998 uenit
1232 959 1358 1006 intro;

242 1024 272 1062 is
294 1037 356 1062 me
378 1024 498 1071 nouit,
522 1024 553 1062 is
574 1024 720 1063 sodalis
742 1023 951 1062 Philocrati
973 1031 1010 1062 et
1031 1031 1220 1074 cognatus
1241 1032 1310 1063 est.

242 1103 371 1140 neque
393 1090 468 1128 iam
491 1091 602 1128 Salus
623 1102 788 1136 seruare,
811 1089 841 1127 si
864 1090 957 1133 uolt,
976 1102 1038 1127 me
1058 1097 1199 1140 potest,
1219 1103 1291 1128 nec
1312 1089 1426 1140 copia
1447 1097 1516 1137 est,

133 1164 168 1195 ¹5
296 1155 367 1193 nisi
390 1155 419 1193 si
441 1155 612 1204 aliquam
634 1155 753 1193 corde
775 1154 978 1193 machinor
997 1154 1193 1193 astutiam.
1541 1166 1606 1201 530

241 1233 372 1270 quarn,
392 1222 538 1259 malum
553 1223 569 1259 ?
589 1220 684 1271 quid
702 1220 932 1259 machiner?
951 1220 1048 1271 quid
1063 1220 1370 1260 comminiscar?
1390 1234 1519 1258 maxu-

1436 1299 1518 1324 mas

296 1365 430 1402 nugas,
453 1350 640 1402 ineptiam
664 1350 856 1402 incipisse.
880 1350 1034 1390 hae'reo.

123 1462 169 1499 iv
253 1462 442 1499 Haoro
553 1462 863 1499 TvNDARvs
973 1463 1455 1500 AR18TOPHONTES

191 1544 271 1580 HE.
303 1543 396 1591 Quo
426 1541 534 1580 illum
566 1554 670 1580 nunc
701 1541 902 1580 hominem
933 1542 1168 1593 proripuisse
1194 1544 1295 1581 foras
1321 1556 1362 1581 se
1388 1543 1516 1581 dicam

1259 1622 1305 1646 ex
1323 1607 1518 1646 aedibus?

242 1674 314 1710 Tv.
337 1684 442 1710 nunc
456 1671 561 1710 enim
576 1684 669 1709 uero
684 1684 756 1721 ego
772 1671 902 1710 occidi
911 1687 917 1709 :
939 1680 1034 1711 eunt
1046 1674 1096 1711 ad
1111 1681 1148 1711 te
1161 1673 1305 1720 hostes,
1319 1673 1514 1722 Tyndare.

242 1737 339 1788 quid
379 1738 544 1787 loquar?
587 1736 682 1787 quid
722 1737 956 1776 fabulabor?
999 1738 1094 1788 quid
1129 1739 1282 1788 negabo
1314 1746 1380 1776 aut
1419 1738 1515 1788 quid
1537 1748 1600 1784 535

1181 1803 1333 1842 fatebor
1352 1800 1486 1855 [mihi]
1501 1804 1516 1840 ?

190 1881 249 1906 res
270 1867 398 1906 omnis
421 1867 458 1905 in
481 1866 630 1905 incerto
651 1866 723 1905 sita
743 1874 810 1905 est.
871 1867 967 1918 quid
988 1868 1103 1906 rebus
1124 1870 1320 1907 confidam
1343 1868 1469 1907 meis?

153 1949 168 1979 5
192 1933 341 1971 utinam
363 1940 400 1970 te
422 1932 460 1971 di
483 1931 579 1982 priu’
600 1933 808 1981 perderent
830 1945 946 1982 quam
970 1933 1114 1983 periisti
1136 1948 1156 1972 e
1178 1934 1299 1984 patria
1319 1942 1395 1980 tua,

191 1997 505 2047 Aristophontes,
530 1996 595 2045 qui
618 2009 664 2034 ex
684 2003 817 2045 parata
837 2010 876 2035 re
897 1996 1111 2047 inparatam
1133 2010 1292 2036 omnem
1314 1998 1418 2036 sacis.

188 2061 317 2100 occisa
334 2070 391 2100 est
409 2062 504 2099 haec
521 2074 590 2107 τρε,
609 2060 682 2098 nisi
704 2060 853 2111 reperio
868 2068 1039 2101 atrocem
1058 2062 1110 2100 mi
1129 2061 1299 2112 aliquam
1316 2062 1509 2101 astutiam.

230 2165 294 2195 519
325 2154 464 2185 exitium
498 2154 675 2184 Fontanus
710 2157 717 2170 ‘
733 2164 772 2184 ex
805 2153 871 2186 cod.
904 2154 976 2185 vet!
994 2167 999 2186 :
1039 2154 1176 2186 exilium
1209 2154 1275 2186 cod.
1310 2155 1353 2193 (L
1381 2162 1442 2196 pro
1467 2156 1511 2190 Τ)

187 2209 252 2238 520
286 2199 464 2229 mendatiis
500 2199 585 2238 (·tus
613 2196 682 2235 PF.)
707 2197 857 2228 subdolis
881 2198 973 2229 cod:
1015 2199 1085 2229 [ναί.
1114 2198 1253 2237 vaades
1449 2211 1507 2238 52¹

186 2243 254 2273 secl.
276 2243 412 2282 Langen
526 2251 585 2271 nec
610 2240 642 2270 hi
661 2250 685 2270 s.
705 2240 792 2272 codd.
819 2241 913 2272 schol.
942 2241 1031 2282 Vcrg.
1054 2241 1166 2282 Gwrg.
1194 2253 1223 2280 4,
1253 2252 1338 2281 377:
1378 2253 1420 2274 ne
1443 2244 1506 2275 cod.

191 2292 266 2316 lnec
279 2286 323 2325 J)
457 2293 520 2323 522
546 2285 695 2323 precatio
712 2283 766 2314 PE
898 2294 960 2324 527
984 2285 1040 2324 qui
1067 2286 1159 2315 uenit
1185 2287 1282 2315 modo
1308 2287 1395 2317 intro
1417 2287 1480 2318 cod.
1502 2299 1507 2317 :

188 2329 312 2359 traieci:
338 2329 392 2368 qui
411 2330 498 2359 intro
517 2329 607 2358 uenit
626 2327 725 2357 modo
745 2326 955 2358 Camerarius
1057 2338 1118 2367 53¹
1145 2339 1210 2367 qua
1227 2329 1291 2359 eorl.
1313 2331 1427 2369 (quam
1447 2330 1508 2367 ΡΙ)

189 2383 250 2411 532
276 2373 419 2412 ineptias
437 2371 500 2402 cod.
520 2383 526 2402 ε
550 2371 670 2401 correxi
713 2371 794 2410 sort.
816 2377 1000 2402 rnaxurnast
1021 2371 1135 2410 Nugas
1154 2373 1279 2411 ineptia
1295 2373 1505 2412 incipissere.

190 2418 322 2447 haereo.
457 2426 517 2454 534
544 2415 593 2445 vel
607 2416 661 2445 ted
795 2424 858 2453 535
884 2415 964 2445 mihi
993 2415 1051 2446 del.
1082 2414 1293 2446 Lindemann
1331 2418 1392 2456 qui
1415 2418 1448 2447 ιή
1476 2428 1504 2448 v.

190 2470 248 2499 5⁷34
269 2460 436 2499 Tyndare.
457 2461 485 2490 ci
506 2460 584 2489 mihi
602 2459 709 2489 scribi!
839 2459 902 2497 538
928 2469 996 2490 rem
1016 2458 1155 2489 Redslob
