1727 2712
725 78 930 118 CASINA

685 231 979 269 CHALvas

165 321 241 361 CH.
269 317 309 358 Si
329 332 436 358 nunc
458 332 521 357 me
542 319 792 369 suspendam,
818 331 947 356 meam
968 330 1129 367 operam
1150 315 1309 356 luserim

76 399 142 436 425
163 393 201 424 et
222 392 372 435 praeter
392 398 553 435 operam
574 383 706 422 restim
728 382 875 434 sumpti
895 382 1053 421 fecerim

163 457 202 488 et
222 449 318 488 meis
339 449 508 488 inimicis
529 450 774 500 uoluptatem
795 449 1020 487 creauerim.

164 514 259 565 quid
279 528 379 565 opus
400 522 471 562 est,
491 514 559 564 qui
579 513 634 552 sic
655 514 861 552 mortuos?
890 512 1076 563 equidem
1098 519 1230 552 tamen

162 579 255 618 sorti
276 593 363 618 sum
384 579 523 626 uictus,
547 578 693 619 Casina
712 578 836 617 nubet
857 577 987 616 uilico.

160 653 279 695 atque
300 645 340 683 id
361 659 442 684 non
463 652 543 683 tarn
564 651 714 695 aegrest
735 643 824 690 iam,
847 642 989 681 uicisse
1010 642 1186 691 uilicum,

76 726 144 760 430
161 724 280 760 quam
302 709 341 749 id
363 709 598 760 expetiuisse
618 723 737 760 opere
758 716 838 747 tam
859 722 1004 758 magno
1025 722 1173 756 senem,

161 788 210 813 ne
231 789 277 813 ea
298 775 393 813 mihi
414 776 570 814 daretur
589 781 708 824 atque
728 781 770 813 ut
791 773 845 812 illi
866 774 1042 812 nuberet.

160 847 202 877 ut
223 839 286 878 ille
307 839 537 891 trepidabat,
561 846 603 878 ut
623 839 833 878 festinabat
855 838 971 877 miser
988 842 994 877 !

160 913 202 943 ut
223 906 470 952 sussultabat,
494 912 705 956 postquam
726 905 820 944 uicit
841 905 981 943 uilicus
999 907 1007 942 l

159 978 255 1009 attat
274 973 280 1008 1
314 972 534 1010 concedam
560 972 648 1018 huc,
671 970 792 1010 audio
812 970 951 1020 aperiri
973 972 1089 1019 fores,

72 1050 115 1085 43
122 1051 138 1087 5
160 1036 237 1074 mei
258 1036 543 1076 beneuolentes
563 1044 682 1086 atque
702 1035 819 1074 amici
840 1037 1047 1086 prodeunt.

158 1101 251 1141 hinc
272 1116 318 1140 ex
339 1101 490 1141 insidiis
511 1101 619 1140 hisce
640 1115 713 1152 ego
733 1101 895 1140 insidias
916 1102 1032 1140 dabo.

266 1207 529 1245 OLYMPIO
641 1207 969 1244 LvsmAmvs
1081 1207 1378 1246 CHALles

158 1294 231 1333 OL.
265 1293 357 1332 Sine
379 1294 500 1332 modo
522 1307 585 1331 rus
606 1292 762 1331 ueniat:
794 1306 866 1342 ego
888 1292 1082 1332 remittam
1105 1295 1155 1332 ad
1177 1301 1214 1333 te
1236 1293 1362 1334 uirum

156 1372 248 1397 cum
269 1360 377 1397 furca
397 1358 437 1397 in
458 1359 596 1397 urbem
619 1366 821 1408 tamquam
844 1359 1129 1397 carbonarium.

159 1425 228 1463 Lv.
262 1424 315 1463 ita
335 1424 417 1463 fieri
438 1431 603 1475 oportet.
664 1425 738 1463 OL.
771 1425 918 1462 factum
940 1431 978 1463 et
999 1432 1177 1463 curatum
1198 1425 1314 1465 dabo.

71 1500 140 1534 440
158 1490 228 1527 Lv.
261 1489 370 1528 uolui
392 1488 617 1535 Chalinum,
641 1488 672 1527 si
693 1488 803 1528 dorni
824 1496 936 1536 esset,
961 1489 1114 1529 mittere

156 1560 287 1592 tecum
308 1561 558 1604 opsonatum,
582 1561 624 1592 ut
645 1553 762 1592 etiam
784 1553 824 1592 in
845 1568 1021 1594 maerore
1041 1554 1200 1606 insuper

155 1617 317 1657 inimico
337 1626 473 1658 nostro
495 1617 692 1657 miseriam
713 1619 816 1657 hanc
836 1619 1105 1670 adiungerem.

156 1684 234 1723 CH.
266 1683 450 1723 recessim
471 1684 577 1723 dabo
598 1697 661 1722 me
680 1684 730 1722 ad
751 1683 951 1734 parietem,
975 1684 1158 1724 imitabor
1178 1699 1321 1736 nepam
1336 1700 1347 1735 ;

155 1750 392 1799 captandust
412 1750 553 1788 horum
575 1750 799 1787 clanculum
821 1763 950 1788 sermo
971 1749 1079 1788 mihi.

67 1828 134 1866 445
155 1828 247 1852 narn
268 1814 424 1853 illorum
445 1829 508 1853 me
529 1816 625 1853 alter
645 1813 801 1861 cruciat,
825 1816 921 1853 alter
941 1823 1122 1855 macerat.

153 1886 193 1917 at
213 1880 447 1919 candidatus
469 1880 574 1919 cedit
595 1879 659 1918 hic
680 1879 868 1930 mastigia,

154 1944 401 1984 stimulorum
423 1945 551 1984 loculi.
611 1946 781 1995 protollo
802 1953 969 1984 mortem
990 1946 1086 1985 mihi
1102 1962 1113 1995 ,·

154 2017 304 2049 certum
325 2018 394 2057 est5
418 2011 523 2048 hunc
545 2010 840 2049 Accheruntem
861 2011 1109 2060 praemittam
1130 2012 1248 2063 prius.

1446 77 1498 114 ΙΙ.
1527 72 1584 112 vii

1519 228 1583 266 vii

1520 914 1560 937 10

1515 1207 1592 1246 viii

1512 1895 1551 1918 10

199 2124 262 2152 424
297 2114 498 2153 suspendam
528 2123 582 2143 me
614 2112 702 2152 Reiz,
738 2114 790 2143 cui
817 2115 978 2152 -pendam
1011 2114 1152 2155 displicet
1283 2125 1347 2155 432
1371 2117 1421 2147 vel
1443 2116 1488 2147 ill’

155 2166 218 2196 434
243 2158 367 2196 aperiri
384 2157 457 2188 Ital.
477 2170 484 2188 ι
509 2156 635 2195 operiri
650 2155 714 2187 cod.
778 2157 859 2188 foris
871 2156 1000 2188 Merula
1017 2170 1024 2188 ε
1050 2158 1136 2189 foras
1148 2157 1212 2190 cod.
1236 2160 1487 2201 (ant.forma?)

155 2209 218 2240 435
243 2201 309 2231 mei
327 2200 485 2231 Mueller:
518 2200 600 2230 mihi
616 2199 683 2231 cod.
778 2202 875 2232 amici
896 2201 1110 2234 Gestlielnn'us:
1134 2212 1209 2233 ame
1230 2202 1296 2233 cod.
1320 2206 1395 2244 (pro
1411 2213 1487 2234 ame

155 2244 215 2275 ici‘.²
236 2244 280 2275 iii.
302 2244 336 2284 4)
442 2245 507 2282 436
532 2243 624 2274 hisce
642 2243 870 2277 Camerarius:
898 2245 953 2275 hic
974 2245 1040 2276 cod.
1152 2256 1214 2285 437
1240 2247 1354 2277 ueniat
1373 2247 1484 2278 Came-

155 2288 287 2318 rarius:
318 2288 455 2318 eueniat
483 2286 548 2318 cod.
727 2298 792 2327 443
816 2312 823 2319 .
844 2312 850 2319 .
871 2289 957 2319 dabo
982 2299 1035 2319 me
1059 2289 1125 2320 cod.
1152 2290 1243 2320 Festi
1270 2291 1353 2329 165:
1383 2296 1486 2322 retro-

154 2341 289 2361 norsum
314 2332 432 2362 cedam
457 2330 545 2362 codd.
566 2330 671 2362 Nonii
694 2341 776 2371 145:
814 2333 974 2363 recessim
1003 2334 1119 2364 cedam
1144 2333 1209 2364 cod.
1239 2333 1433 2374 (conflatmn
1448 2345 1488 2366 ex

151 2374 282 2406 duabus
298 2375 494 2415 lectzbm'bus)
630 2385 693 2414 447
719 2380 859 2406 mortem
875 2376 1021 2416 protollo
1038 2376 1243 2417 Bragmann
1262 2377 1313 2418 (ff
1331 2378 1377 2409 ad
1391 2380 1471 2418 424)
