1727 2702
101 124 178 161 111.

135 375 176 406 45

134 706 174 737 50

129 1031 169 1062 55

122 1585 167 1621 vi

202 134 231 159 v
610 123 657 161 T.
690 123 871 162 MACCI
903 124 1108 162 PLAVTI

198 234 274 273 iam
296 236 417 274 hosce
435 236 638 286 apsolutos
659 246 841 273 censeas:
873 236 1031 282 cedunt,
1054 242 1194 286 petunt

197 299 353 346 treceni,
377 314 497 350 quom
519 307 622 338 stant
643 299 871 349 thylacistae
892 299 930 338 in
951 299 1056 338 atriis

197 373 364 403 textores
384 363 607 412 limbularii,
625 364 813 404 arcularii.

195 431 402 477 ducuntur,
425 431 540 468 datur
559 443 635 469 aes.
686 429 763 468 iam
783 432 986 481 apsolutos
1006 443 1178 479 censeaS‚

195 508 315 544 quom
337 494 526 534 incedunt
546 494 755 534 infectores
776 495 992 542 corcotarii,

193 567 260 598 aut
280 560 411 610 aliqua
431 561 534 598 mala
554 573 646 598 crux
667 573 822 610 semper
842 568 900 599 est
920 573 1022 610 quae
1041 560 1190 610 aliquid
1212 568 1328 611 petat.

196 625 292 662 Evc.
325 626 601 675 compellarem
623 638 696 676 ego
717 625 840 673 illum,
861 625 899 663 ni
923 632 1094 663 metuam
1116 638 1166 663 ne
1186 624 1339 664 desinat

195 703 411 729 memorare
431 703 560 729 mores
581 690 787 729 mulierum
806 706 812 728 :
843 703 949 729 nunc
970 690 1024 729 sic
1045 690 1182 728 sinam.

195 756 277 792 ΜΕ.
310 755 376 793 ubi
399 755 634 806 nugigerulis
656 769 715 794 res
736 757 864 794 soluta
884 763 942 794 est
963 754 1159 803 omnibus,

192 818 244 857 ibi
266 821 316 858 ad
337 828 580 870 postremum
602 820 707 859 cedit
728 820 850 868 miles
873 833 940 859 aes
960 819 1067 870 petit.

191 884 277 932 itur,
300 893 458 935 putatur
477 885 575 924 ratio
595 899 685 924 cum
706 885 949 936 argentario;

192 950 302 988 miles
323 950 530 1000 inpransus
549 959 660 997 astat,
682 964 748 989 aes
769 959 903 989 censet
923 950 1016 990 dari.

192 1015 258 1053 ubi
279 1015 477 1066 disputata
497 1023 554 1054 est
576 1015 672 1054 ratio
689 1029 779 1054 cum
800 1015 1029 1066 argentario,

190 1080 307 1118 etiam
329 1080 435 1130 ipsus
456 1082 558 1119 ultro
578 1081 698 1119 debet
718 1081 936 1130 argentario
953 1097 960 1120 :

189 1159 278 1195 spes
299 1154 526 1196 prorogatur
548 1145 660 1184 militi
683 1146 721 1183 in
743 1146 862 1184 alium
885 1146 1001 1184 diem.

189 1212 286 1249 haec
307 1219 397 1249 sunt
417 1219 536 1261 atque
556 1210 655 1249 aliae
677 1206 823 1249 multae
843 1211 882 1248 in
905 1210 1056 1261 magnis
1077 1210 1237 1249 dotibus

188 1275 533 1314 incommoditates
555 1283 815 1326 sumptusque
835 1275 1109 1314 intolerabiles.

187 1354 277 1378 nam
299 1354 400 1390 quae
421 1341 599 1379 indotata
620 1348 688 1388 cst,
712 1353 758 1378 ea
778 1340 817 1378 in
838 1348 1032 1390 potestate
1052 1347 1110 1378 est
1132 1339 1201 1378 uiri
1218 1355 1228 1387 ;

187 1407 345 1444 dotatae
366 1413 538 1444 mactant
560 1413 597 1444 et
621 1407 725 1443 malo
745 1412 782 1443 et
803 1406 952 1444 damno
973 1404 1086 1444 uiros.

187 1472 256 1509 sed
278 1484 414 1509 cecum
435 1472 609 1510 adfinem
631 1479 722 1509 ante
741 1470 861 1509 aedis.
920 1470 1016 1520 quid
1036 1470 1129 1521 agis,
1154 1469 1324 1509 Euclio?

513 1584 728 1621 Evcmo
839 1583 1197 1620 MEGADoavs

190 1666 286 1704 Evc.
319 1665 498 1703 Nimium
519 1665 701 1703 lubenter
721 1664 784 1704 edi
806 1678 1029 1704 sermonem
1051 1672 1172 1702 tuom.

190 1732 272 1768 ME.
303 1744 353 1768 an
373 1729 589 1769 audiuisti?
648 1732 745 1768 Evc.
778 1733 903 1780 usque
922 1743 945 1768 a
966 1729 1158 1780 principio
1179 1728 1323 1767 omnia.

189 1797 271 1833 Miz.
304 1804 435 1833 tamen
458 1794 547 1833 meo
568 1795 729 1845 quidem
750 1795 884 1833 animo
903 1795 1107 1845 aliquanto
1127 1793 1244 1832 facias
1265 1792 1417 1840 rectius,

187 1860 217 1897 si
239 1859 398 1898 nitidior
417 1859 469 1898 sis
490 1859 579 1897 filiai
604 1860 760 1911 nuptiis.

190 1926 285 1963 Evc.
319 1938 388 1975 pro
409 1938 449 1963 re
470 1925 635 1964 nitorem
660 1935 697 1964 et
718 1926 880 1977 gloriam
902 1939 973 1977 pro
992 1925 1107 1976 copia

187 1990 252 2039 qui
275 1991 433 2037 habent,
458 1991 722 2030 meminerunt
744 2005 829 2030 sese
850 1993 956 2030 unde
977 1990 1130 2030 oriundi
1153 1989 1263 2028 sient.

187 2069 315 2106 neque
335 2057 412 2106 pol,
438 2057 665 2106 Megadore,
691 2056 785 2094 mihi
808 2070 938 2107 neque
959 2056 1173 2107 quoiquam
1195 2053 1355 2105 pauperi

229 2161 292 2198 518
316 2160 527 2200 phylacistae
545 2160 606 2191 cod.
626 2172 632 2191 :
657 2171 736 2191 corr.
754 2159 973 2191 Wilamowr‘l:
1062 2171 1126 2199 5¹9
1149 2159 1327 2190 limbolarii
1342 2158 1414 2197 (·ri)
1427 2158 1516 2190 codd.

184 2203 354 2242 Νοιιιϊ54ι
370 2216 376 2234 :
402 2204 568 2235 limbuarii
586 2203 653 2238 (PF,
666 2216 669 2234 ι
684 2204 896 2235 vcllinbuarii
910 2203 1006 2244 (BD)
1019 2203 1083 2235 cod.
1153 2202 1302 2234 alcularii
1316 2201 1404 2233 codd.
1417 2201 1522 2232 Nonii

185 2257 249 2285 5²0
275 2248 338 2278 iam
356 2247 479 2278 Bothe:
506 2249 568 2278 inm
589 2248 691 2278 hosce
710 2247 776 2279 cod.
796 2248 847 2287 (cs.
866 2249 945 2286 517)
1045 2257 1104 2278 aes
1119 2246 1177 2278 del.
1198 2245 1325 2277 Schoell
1453 2255 1513 2284 521

185 2300 272 2322 croc.
291 2290 366 2327 cod„
383 2291 481 2321 eliam
501 2291 586 2322 codd.
608 2290 692 2321 Non.
712 2301 776 2330 549
865 2301 928 2329 522
945 2292 981 2330 cs?
1001 2290 1047 2320 [ια’
1061 2300 1126 2329 510
1213 2299 1277 2328 525
1296 2288 1518 2326 nugigerulus

184 2344 260 2364 corr.
280 2334 335 2364 —lis
351 2334 414 2364 cod.
434 2347 439 2364 z
473 2335 677 2373 nugiucndis
695 2338 831 2364 testatur
846 2334 977 2364 Nonius
997 2345 1055 2373 144
1181 2342 1246 2372 530
1270 2333 1365 2372 ipsus
1383 2331 1516 2362 Lambi-

183 2387 247 2407 nus
264 2389 268 2407 :
296 2378 372 2417 plus
390 2379 484 2417 ipsus
504 2378 567 2407 cod.
590 2378 647 2408 (iv.
665 2379 700 2417 3)
844 2387 905 2416 537
931 2378 984 2408 edi
1010 2388 1085 2407 cum
1099 2376 1212 2418 glossa
1229 2381 1384 2416 superscr.
1404 2375 1517 2406 audivi

183 2420 260 2458 md„
281 2422 333 2451 cdi
352 2422 448 2450 ctiam
467 2421 552 2452 codd.
571 2421 674 2450 Nonii
687 2431 748 2459 454
869 2422 933 2460 538
957 2421 1025 2451 Ain
1042 2420 1088 2450 B·
1211 2429 1275 2458 539
1298 2424 1432 2450 tainene
1448 2418 1513 2450 cod.

182 2465 334 2504 (antiqua
344 2465 461 2502 forma
474 2467 499 2503 ἵ)
573 2475 635 2505 5⁴2
663 2465 874 2494 meminerint
888 2465 920 2494 Β
995 2474 1057 2504 543
1081 2465 1260 2504 quicquam
1277 2463 1342 2494 cod.
1359 2463 1439 2504 (non
1454 2461 1516 2504 PJ)

1548 445 1616 483 5²0

1547 767 1612 805 525

1542 1090 1612 1128 530

1542 1417 1607 1454 535

1540 1870 1607 1906 540
