1727 2702
158 108 231 146 111.
254 110 299 148 iv
672 111 718 148 T.
753 109 933 150 MACCI
966 110 1168 148 PLAVTI

199 238 235 261 ιο
256 228 362 261 tuam
383 221 654 261 arcessituram
675 235 761 261 esse
781 236 940 261 uxorem
963 235 1123 261 uxorem
1147 235 1286 262 meam.
1604 226 1676 262 600

257 287 326 325 Lv.
359 300 450 337 ergo
470 285 718 326 arcessiuisse
738 287 791 325 ait
812 300 908 334 sese,
931 294 969 325 et
989 286 1133 326 dixisse
1154 295 1191 326 te

255 365 341 390 eam
365 352 444 390 non
467 351 687 390 missurum.
747 352 819 389 AL.
852 351 948 402 quin
969 365 1087 402 eapse
1107 353 1209 391 ultro
1230 351 1325 391 mihi

256 416 413 466 negauit
435 415 531 455 eiius
552 429 713 467 operam
734 430 775 455 se
796 415 990 455 morarier.

258 483 326 519 Lv.
359 481 455 532 quin
476 495 594 532 eapse
614 495 678 520 me
697 481 894 532 adlegauit
914 480 982 532 qui
1002 481 1116 520 istam
1136 495 1383 521 arcesserem.

200 564 234 595 15
256 548 329 585 AL.
362 546 457 597 quin
497 545 608 585 nihili
647 546 758 586 facio.
833 548 902 585 Lv.
934 545 1030 598 quin
1069 560 1133 586 me
1171 546 1311 597 perdis.
1385 548 1457 585 AL.
1489 545 1585 597 quin
1605 551 1671 598 605

1435 611 1584 658 benest‚

255 676 350 727 quin
372 676 489 716 etiam
511 676 579 717 diu
601 677 794 724 morabor,
817 676 912 727 quin
933 676 1052 727 cupio
1073 675 1195 715 tibi—

256 743 324 780 Lv.
348 741 574 793 quin—AL.
597 741 746 792 aliquid
761 755 875 791 aegre
889 743 1024 780 facere.
1074 743 1142 779 Lx:
1167 741 1261 791 quin
1279 740 1417 779 faciam
1432 741 1583 780 lubens.

255 821 472 858 numquam
494 806 564 846 tibi
586 806 705 846 hodie
728 806 844 857 ‘quin
861 808 868 823 '
888 806 959 845 erit
981 807 1067 856 plus
1088 819 1207 856 quam
1229 805 1336 844 mihi.

255 874 327 910 AL.
360 872 454 923 quin
477 873 606 911 hercle
627 871 667 911 di
689 879 726 911 te
747 872 914 922 perdant
934 879 1134 922 postremo
1154 870 1314 921 quidem
1336 874 1342 908 ἶ

196 953 236 975 20
256 939 325 976 ΙΝ.
357 937 454 988 quid
475 938 611 976 nunc?
640 936 881 975 missurusne
901 949 942 975 es
963 937 1013 974 ad
1034 949 1098 974 me
1119 949 1277 974 uxorem
1301 935 1438 974 tuam?
1602 935 1674 970 610

255 1004 326 1040 AL.
359 1004 493 1050 ducas,
516 1015 661 1053 easque
682 1002 721 1040 in
743 1014 967 1040 maxumam
990 1002 1133 1039 malam
1155 1014 1310 1039 crucem

253 1081 343 1106 cum
366 1067 439 1107 haic
460 1081 551 1107 cum
573 1069 679 1116 istac,
703 1080 875 1117 cumque
895 1066 1023 1105 amica
1043 1066 1161 1105 etiam
1183 1073 1258 1104 tua.

253 1131 316 1171 abi
337 1140 376 1171 et
395 1132 503 1171 aliud
523 1145 626 1179 cura,
649 1145 722 1182 ego
743 1131 820 1170 iam
842 1145 910 1182 per
930 1132 1087 1169 hortu’m
1109 1130 1257 1170 iussero

254 1210 382 1235 meam
404 1196 503 1235 istuc
525 1196 686 1235 transire
707 1210 867 1235 uxorem
887 1197 939 1235 ad
960 1209 1121 1234 uxorem
1143 1203 1318 1234 tuam.—

195 1277 232 1309 ²5
255 1263 322 1300 Lv.
357 1276 461 1301 nune
482 1270 524 1300 tu
546 1261 598 1300 mi
619 1261 768 1300 amicus
790 1275 830 1300 es
852 1261 890 1299 in
911 1274 1141 1311 germanum
1164 1261 1337 1300 modum.
1601 1263 1669 1310 615

252 1401 329 1439 qua
350 1402 423 1439 ego
444 1389 549 1427 hunc
570 1402 746 1428 amorem
769 1388 820 1426 mi
843 1401 928 1427 esse
949 1387 1013 1426 aui
1034 1386 1163 1426 dicam
1185 1387 1322 1427 datum

250 1462 317 1492 aut
337 1462 434 1504 quot
455 1468 527 1504 ego
548 1467 737 1504 umquam
759 1467 849 1504 erga
870 1455 1064 1492 Venerem
1087 1451 1220 1502 inique
1241 1450 1413 1499 fecerim,

251 1518 345 1569 quoi
366 1518 421 1558 sic
443 1526 500 1558 tot
520 1518 667 1557 amanti
690 1518 742 1556 mi
764 1518 923 1557 obuiam
946 1517 1131 1557 eueniant
1153 1517 1314 1556 morae?

737 1591 832 1622 attat
851 1586 857 1621 1

191 1668 234 1698 30
251 1648 346 1700 quid
369 1649 459 1688 illuc
480 1648 672 1696 clamoris,
695 1662 870 1699 opsecro,
895 1648 932 1685 in
956 1655 1123 1686 nostrast
1144 1648 1295 1685 domo?
1599 1648 1670 1684 620

202 1775 231 1800 v
519 1764 879 1800 PARDAIASCA
991 1762 1316 1798 Lvsummvs

361 1845 427 1881 ΡΛ.
462 1845 581 1882 Nulla
601 1857 699 1890 sum,
722 1845 829 1881 nulla
849 1857 947 1890 sum,
971 1850 1062 1888 tota,
1087 1849 1168 1880 tota
1188 1840 1327 1887 occidi,

357 1922 423 1947 cor
445 1916 551 1947 metu
573 1916 821 1955 mortuomst‚
842 1908 1019 1947 membra
1040 1906 1203 1945 miserae
1225 1912 1410 1952 tremunt,

357 1974 491 2013 nescio
512 1975 618 2013 unde
638 1974 766 2020 auxili,
790 1972 968 2023 praesidi,
993 1971 1141 2022 perfugi

359 2039 409 2077 mi
431 2047 497 2078 aut
519 2052 639 2088 opum
661 2038 816 2088 copiam
838 2050 1064 2088 comparem
1085 2044 1151 2074 aut
1171 2043 1351 2086 expetam
1369 2049 1376 2072 ε

209 2118 226 2149 5
358 2112 464 2142 tanta
486 2106 589 2142 sactu
612 2104 733 2141 modo
754 2102 850 2140 mira
870 2101 976 2140 miris
998 2101 1126 2140 modis
1595 2097 1663 2142 6²5

291 2210 356 2240 600
382 2218 519 2238 uxorem
538 2206 636 2238 sena-l
651 2205 682 2236 Ρ
766 2206 831 2236 602
856 2205 1026 2245 capsaltro
1044 2204 1076 2234 A
1182 2204 1246 2242 605
1271 2202 1334 2241 Qui
1356 2202 1396 2232 ni.
1415 2201 1448 2232 Ρ
1461 2205 1496 2232 ut
1511 2199 1573 2232 vid.

248 2253 311 2291 ⁶¹3
336 2252 461 2291 aliquid
483 2252 514 2281 A
657 2250 720 2280 616
743 2249 814 2279 auii
841 2254 898 2280 aut
922 2247 955 2278 P
971 2249 1029 2287 (vi,
1051 2258 1080 2286 p.
1109 2247 1167 2286 86)
1311 2248 1373 2284 6¹7
1397 2245 1476 2284 quid
1497 2244 1573 2275 Gro-

249 2296 364 2326 nom'ns
382 2296 486 2334 (quod
503 2293 610 2331 codd.)
628 2304 634 2323 τ
657 2293 745 2332 quod
766 2296 875 2322 tuctur
895 2291 1014 2322 Thulin
1031 2291 1069 2321 de
1083 2290 1279 2321 com'tmclivo
1296 2300 1326 2328 p.
1351 2298 1410 2327 137
1511 2288 1576 2317 618

249 2344 296 2370 tot
313 2350 378 2371 om.
398 2339 428 2368 A
521 2337 682 2368 eueniunt
700 2336 732 2365 A
866 2337 930 2366 620
955 2339 1068 2365 nostra
1082 2335 1181 2364 domo
1197 2332 1283 2363 cstl’
1400 2333 1463 2370 625
1489 2331 1574 2361 sactu

249 2382 416 2422 Sa'oppsns
431 2393 437 2412 ε
464 2381 557 2412 sactis
574 2379 660 2411 codd.
755 2377 861 2419 miris]
880 2379 971 2409 ueris
987 2377 1020 2408 P
