1727 2712
646 122 908 160 EPIDICVS
1359 120 1436 156 III.
1458 117 1503 154 iii

113 232 242 270 sumu’
262 229 527 280 praemercati.
588 231 656 267 PE.
689 228 784 279 quid
806 228 913 266 iam?
969 230 1041 266 ΑΡ.
1074 227 1166 277 quia
1186 226 1282 265 dixit
1302 226 1398 264 mibi

114 296 192 334 iam
213 297 365 334 dudum
387 309 427 333 se
447 295 545 333 alius
565 302 675 332 tuom
696 293 842 332 uidisse
863 293 927 331 hic
948 293 1070 330 filiurn
1088 308 1094 330 :

115 362 218 399 hanc
233 362 376 411 edepol
390 374 471 399 rem
484 360 707 411 apparabat.
746 361 814 396 PE.
833 360 949 409 plane
963 360 1093 396 hercle
1107 359 1182 395 hoc
1196 357 1357 407 quidem
1372 364 1440 395 est.

27 437 98 472 410
116 427 187 463 ΑΡ.
221 439 270 463 ne
291 429 332 463 ti'i
353 426 474 463 habes
495 437 650 463 seruom
670 423 900 474 graphicum
922 430 960 461 et
980 422 1178 472 quantiuis
1199 421 1308 472 preti,

115 504 195 528 non
217 498 346 528 carust
364 504 460 529 auro
481 497 626 528 contra.
687 496 729 527 ut
750 488 813 526 ille
835 488 1035 527 fidicinam
1464 502 1506 533 30

114 555 206 593 fecit
226 554 417 594 †nestire†
437 568 523 593 esse
544 561 717 604 emptam
739 553 809 591 tibi
827 556 833 591 l

116 621 169 658 ita
189 619 441 658 ridibundam
461 626 580 669 atque
602 618 765 656 hilaram
787 619 864 656 huc
884 617 1047 656 adduxit
1069 619 1195 656 simul.

117 688 185 723 PE.
218 685 359 723 mirum
380 687 456 723 hoc
477 684 543 734 qui
564 683 691 734 potuit
713 683 804 722 fieri.
864 686 936 721 ΑΡ.
969 692 1007 721 te
1027 697 1098 734 pro
1119 683 1200 721 filio

28 765 93 800 415
115 752 308 788 facturum
329 750 424 788 dixit
445 763 525 788 rem
547 762 632 788 esse
653 748 830 786 diuinam
850 748 971 795 domi,

115 815 209 866 quia
227 815 377 854 Thebis
398 816 528 852 saluos
549 813 715 852 redierit.
777 815 844 851 PE.
877 821 981 852 recte
1002 813 1150 851 institit.
1465 828 1504 859 35

115 882 189 919 ΑΡ.
220 880 342 918 immo
363 879 468 930 ipsus
490 879 543 917 illi
564 879 661 917 dixit
683 880 921 917 conductam
942 892 1027 917 esse
1048 893 1135 917 eam

115 959 217 995 quae
238 945 301 983 hic
320 944 608 983 administraret
629 944 680 982 ad
701 957 782 981 rem
803 943 978 982 diuinam
1002 944 1083 983 tibi.

117 1008 327 1063 [facturum
348 1011 425 1048 hoc
445 1009 541 1048 dixit
561 1023 642 1047 rem
665 1022 749 1047 esse
770 1008 946 1047 diuinam
969 1009 1038 1047 tibi
1059 1007 1186 1062 domi]

28 1091 98 1124 420
117 1090 190 1126 ego
211 1075 288 1113 illic
310 1076 401 1114 med
421 1082 553 1113 autem
575 1074 630 1113 sic
650 1073 939 1113 adsimulabam
957 1090 963 1113 :
994 1075 1105 1124 quasi

117 1142 315 1188 stolidum,
340 1141 599 1179 combardum
621 1153 684 1178 me
705 1139 909 1178 faciebam.
970 1143 1038 1178 PE.
1072 1141 1194 1179 inimo
1215 1140 1267 1179 ita
1287 1141 1412 1179 decet.
1465 1153 1508 1186 40

117 1209 190 1245 ΑΡ.
221 1221 280 1245 res
301 1220 443 1256 magna
461 1205 577 1244 amici
597 1207 704 1256 apud
725 1207 852 1244 forum
873 1205 1007 1255 agitur,
1031 1206 1065 1244 ei
1087 1208 1179 1244 uolo

118 1271 172 1310 ire
192 1273 420 1310 aduocatus.
480 1273 547 1308 PE.
579 1278 619 1308 at
639 1284 799 1320 quaeso,
822 1270 890 1309 ubi
911 1271 981 1309 erit
1002 1271 1138 1318 otium,

118 1345 314 1376 reuortere
333 1338 383 1375 ad
406 1350 468 1375 me
489 1337 697 1386 extemplo.
758 1338 830 1374 ΑΡ.
864 1336 1054 1374 continuo
1076 1336 1139 1375 hic
1160 1350 1294 1375 ero.—

34 1415 97 1451 425
120 1405 188 1440 PE.
221 1402 317 1440 nihil
338 1400 489 1439 homini
508 1400 674 1439 amicost
695 1409 919 1452 opportuno
939 1402 1127 1440 amicius:

119 1467 203 1505 sine
223 1474 291 1505 tuo
311 1467 444 1505 labore
464 1467 573 1516 quod
594 1466 691 1504 uelis
711 1474 881 1505 actumst
902 1474 1044 1505 tamen.
1470 1483 1511 1514 45

119 1545 193 1582 ego
213 1531 243 1569 si
264 1533 506 1581 adlegassem
528 1531 700 1581 aliquem
721 1532 772 1570 ad
794 1533 870 1570 hoc
890 1532 1091 1582 negotium

120 1596 249 1635 minus
270 1595 472 1635 hominem
493 1597 655 1634 doctum
678 1596 879 1646 minu’que
899 1598 950 1635 ad
971 1598 1072 1635 hanc
1093 1611 1174 1636 rem
1196 1598 1394 1645 callidum,

121 1675 165 1700 os
185 1661 373 1700 sublitum
394 1669 506 1707 esset,
529 1660 661 1710 itaque
682 1675 746 1700 me
765 1661 864 1700 albis
885 1661 1071 1701 dentibus

36 1740 104 1775 430
122 1729 224 1766 meu’
244 1726 438 1765 derideret
459 1726 560 1764 filius
582 1725 856 1765 meritissumo.

120 1800 239 1842 atque
259 1793 357 1830 haec
377 1791 576 1829 stultitiast
596 1805 659 1829 me
680 1790 734 1829 illi
755 1791 853 1830 uitio
873 1799 1026 1831 uortere
1472 1805 1515 1836 50

120 1864 276 1907 egomet
296 1857 404 1906 quod
425 1855 599 1894 factitaui
620 1855 659 1894 in
680 1856 960 1903 adulescentia,

162 1963 227 2000 408
251 1961 371 2000 aliquis
390 1961 432 2002 ζῖ)
450 1960 516 1991 Leo
590 1966 681 1991 tuum
700 1971 764 1992 om.
785 1961 818 1991 Β
920 1973 984 2001 409
996 1963 1130 2003 planum
1150 1963 1283 2003 Geppcrt
1390 1975 1450 2001 411

119 2015 235 2036 aurum
255 2004 300 2035 Β3
433 2016 496 2043 412
520 2004 569 2035 vel
586 2005 718 2035 nescire
807 2016 850 2036 ne
867 2015 903 2036 se
923 2007 1067 2037 sentiret
1090 2007 1229 2037 Rcdslob
1248 2007 1349 2041 (Beris.
1366 2007 1450 2038 Phil.

124 2048 228 2079 Woclz.
247 2059 300 2083 22,
317 2048 394 2088 552)
413 2060 419 2078 ;
445 2058 521 2079 5656
539 2052 574 2078 ut
592 2048 739 2078 nesciret
755 2047 821 2078 Leo
920 2061 984 2089 413
1008 2051 1133 2081 adduxi
1154 2050 1287 2091 Gepperl
1389 2062 1450 2089 414

120 2093 176 2132 qui
195 2103 233 2122 ex
254 2093 344 2130 quod
369 2092 433 2122 cod.
460 2092 521 2130 (ita
537 2091 576 2128 E,
596 2092 685 2130 quod
702 2091 742 2127 B,
760 2092 872 2130 quis·
1029 2096 1092 2132 416
1118 2099 1243 2124 rectam
1267 2095 1452 2125 Lambinus

120 2146 185 2175 419
210 2136 260 2175 (τί.
277 2136 355 2175 415)
374 2135 431 2166 del.
451 2135 624 2165 Acidalius
641 2135 688 2174 (ii.
708 2136 742 2175 6>
846 2138 898 2167 vel
910 2139 976 2168 ess‘
1080 2138 1129 2167 vel
1142 2138 1253 2168 dinam
1389 2149 1452 2176 420

121 2180 170 2209 vel
184 2179 229 2209 illi
328 2179 377 2210 vel
392 2190 445 2209 me
464 2179 524 2219 (ita
541 2177 625 2218 cod.)
768 2189 828 2217 421
857 2181 903 2211 ita
922 2181 1061 2220 Pylades
1077 2193 1083 2211 :
1107 2186 1158 2211 sta
1175 2181 1240 2212 cod.
1389 2192 1452 2219 422

121 2222 602 2304 taff-‚5⁰32mefissfiffzissssf‘i‘gss.
621 2223 848 2305 (ρνὲἶῗίέῗῖ
867 2229 903 2255 '¹‘
918 2224 983 2307 ΞΑ
1001 2225 1150 2299 (fascius
1166 2235 1451 2299 [ιαὶῗῗέἰζῗρῑῗῗιῖξ

137 2309 190 2341 od.
322 2319 385 2348 427
411 2309 616 2348 adligassem
633 2307 698 2339 cod.
715 2320 721 2339 :
745 2310 794 2339 vel
807 2311 1055 2350 adlegauissem
1188 2313 1252 2350 428
1278 2312 1449 2341 hominem

126 2352 357 2383 Camerarius:
386 2353 556 2383 hominem
585 2351 716 2393 [quam]
745 2352 812 2383 cod.
839 2355 875 2395 (i.
906 2355 959 2395 15)
1107 2365 1214 2393 431—4
1235 2359 1310 2395 post
1332 2366 1360 2386 v.
1387 2365 1450 2394 455

119 2398 229 2437 posuit
244 2397 275 2425 A
282 2396 416 2426 cidalins
436 2400 557 2435 Ncontra
573 2396 622 2435 A)
637 2407 643 2426 :
670 2395 726 2426 del.
748 2395 844 2428 Goetz
975 2409 1035 2438 431
1060 2399 1108 2429 vel
1121 2400 1212 2438 atqui

169 2451 285 2471 PLAvr.
307 2451 316 2470 1
1320 2444 1361 2472 24
