1727 2702
131 91 207 129 111.
230 91 277 128 iv
655 93 700 130 T.
735 93 913 132 MACCI
948 93 1150 131 PLAVTI

227 215 301 252 ego
321 215 406 240 sum
431 202 517 241 Ioui
539 201 647 241 dicto
666 201 844 248 audiens,
866 201 949 240 eius
974 201 1080 240 iussu
1102 215 1207 240 nunc
1227 202 1306 240 huc
1326 215 1389 240 me
1408 203 1553 241 adsero.

226 280 344 317 quam
367 267 420 305 ob
440 281 520 305 rem
544 267 637 304 mihi
661 266 773 316 magi’
794 279 862 316 par
881 274 940 304 est
960 266 1024 304 uia
1039 267 1233 305 decedere
1253 274 1290 305 et
1311 267 1540 305 concedere.
1574 274 1646 311 990

226 339 335 382 pater
351 340 467 371 uocat
485 346 557 379 me,
574 345 663 370 eum
681 344 834 381 sequor,
850 330 933 370 eius
949 330 1069 377 dicto,
1084 330 1250 382 imperio
1267 344 1352 369 sum
1368 330 1532 369 audiens
1548 345 1558 378 ;

226 404 267 435 ut
289 396 411 435 filium
435 398 582 436 bonum
605 395 703 446 patri
723 408 809 434 esse
829 402 995 445 oportet,
1020 394 1156 434 itidem
1178 408 1251 446 ego
1271 408 1358 434 sum
1379 395 1487 445 patri.

168 477 206 499 ιο
225 461 372 500 amanti
393 461 668 512 subparasstor,
691 461 836 508 hortor,
857 461 983 508 adsto,
1005 461 1216 507 admoneo,
1238 461 1402 511 gaudeo.

225 526 255 565 si
277 527 372 577 quid
393 526 491 577 patri
513 528 705 577 uolupest,
729 527 912 576 uoluptas
932 539 979 565 ea
999 525 1094 564 mihi
1117 527 1242 565 multo
1263 533 1490 564 maxumast.

223 600 351 631 amat:
382 592 483 643 sapit
498 607 507 640 3
537 600 641 631 recte
661 591 764 639 facit,
787 591 920 631 animo
941 592 1104 642 quando
1124 590 1354 642 opsequitur
1373 604 1454 637 suo,
1575 603 1642 641 995

225 659 332 707 quod
354 657 482 697 omnis
499 657 680 696 homines
702 659 828 696 facere
844 665 1009 708 oportet,
1027 658 1124 696 dum
1145 656 1185 695 id
1208 657 1329 695 modo
1349 657 1415 694 fiat
1436 657 1554 695 bono.

225 737 331 762 nunc
352 723 685 774 Amphitruonem
706 724 790 761 uolt
810 722 945 761 deludi
967 723 1068 761 meu'
1088 729 1221 772 pater:
1251 723 1340 760 faxo
1360 722 1482 772 probe

165 800 203 833 15
225 787 301 826 iam
323 787 387 826 hic
407 789 625 834 deludetur,
649 794 899 837 spectatores,
922 786 1037 825 uobis
1057 786 1379 837 inspectantibus.

224 853 377 903 capiam
399 867 587 892 coronam
609 852 662 891 mi
683 852 722 891 in
744 860 873 903 caput,
895 851 1146 891 adsimulabo
1168 865 1231 890 me
1251 865 1336 890 esse
1357 851 1508 890 ebrium
1525 866 1534 899 ;

223 926 341 968 atque
362 919 453 957 illuc
474 931 609 957 susum
630 916 869 956 escender6:
900 916 993 956 inde
1013 924 1177 967 optume
1200 918 1388 967 aspellam
1409 916 1536 954 uirum
1578 929 1668 955 1000

223 985 273 1022 de
287 997 439 1034 supero,
450 996 571 1034 quom
586 984 663 1022 huc
676 982 884 1022 accesserit
892 997 902 1030 3
918 981 1059 1021 faciam
1072 989 1115 1020 ut
1130 981 1179 1021 sit
1193 981 1375 1021 madidus
1389 980 1552 1020 sobrius.

223 1048 369 1088 deinde
390 1049 443 1088 illi
463 1057 640 1088 actutum
662 1049 818 1087 sufferet
839 1049 922 1086 suo’
943 1061 1077 1087 seruos
1099 1061 1248 1097 poenas
1269 1046 1403 1086 Sosia:

164 1126 204 1148 ²0
223 1129 314 1154 eum
344 1114 482 1154 fecisse
512 1114 576 1154 ille
606 1114 722 1154 hodie
758 1121 892 1164 arguet
921 1127 1024 1164 quae
1055 1127 1129 1164 ego
1163 1114 1292 1152 fecero
1326 1112 1400 1151 hic.
1459 1111 1556 1162 quid

1345 1176 1422 1230 (id)
1441 1177 1557 1216 mea?

224 1259 313 1285 meo
348 1259 411 1285 me
448 1252 656 1296 aequomst
696 1244 931 1294 morigerum
971 1243 1080 1294 patri,
1121 1243 1203 1283 eius
1243 1243 1374 1282 studio
1412 1242 1556 1282 seruire

1371 1309 1552 1347 addecet.

220 1376 289 1415 sed
316 1389 454 1415 eccum
478 1375 820 1425 Amphitruonem,
843 1374 1030 1421 aduenit;
1059 1373 1136 1412 iam
1164 1373 1227 1413 ille
1255 1373 1318 1412 hic
1344 1374 1554 1413 deludetur
1576 1385 1663 1422 1005

1417 1438 1551 1489 probe,

328 1505 524 1555 siquidem
547 1518 618 1543 uos
639 1504 756 1542 uoltis
777 1505 1039 1543 auscultando
1060 1517 1218 1554 operam
1241 1504 1344 1543 dare.

329 1570 396 1610 ibo
416 1570 528 1618 intro,
553 1578 734 1609 ornatum
757 1569 909 1619 capiam
931 1569 997 1620 qui
1020 1569 1124 1619 potis
1144 1570 1257 1607 decet
1276 1584 1283 1615 ;

162 1645 199 1677 ²5
329 1635 421 1675 dein
448 1649 582 1674 susum
611 1636 825 1674 ascendam
856 1634 895 1673 in
926 1642 1074 1673 tectum
1102 1642 1144 1672 ut
1171 1634 1280 1672 illurn
1308 1633 1400 1672 hinc
1427 1632 1554 1684 prohi-

1424 1698 1550 1738 bearn.

705 1783 898 1831 ACTV
905 1783 939 1831 S
997 1782 1068 1828 IV

98 1875 202 1913 IV.i
715 1879 1062 1915 AMPHITRVO

221 1962 302 1999 ΑΜ.
337 1962 573 1999 Naucratem
597 1973 714 2010 quem
736 1959 949 1998 conuenire
972 1958 1078 1997 uolui
1101 1958 1138 1996 in
1161 1957 1251 1996 naui
1274 1971 1352 1996 non
1374 1965 1469 2004 erat,

221 2039 349 2076 neque
383 2025 491 2064 domi
525 2038 654 2075 neque
684 2025 722 2062 in
756 2024 851 2062 urbe
882 2023 1042 2062 inuenio
1068 2036 1308 2073 quemquam
1340 2022 1407 2072 qui
1439 2022 1547 2061 illum
1572 2032 1663 2060 1010

1395 2086 1547 2126 uiderit.

263 2205 327 2234 992
352 2205 416 2234 ego
434 2194 481 2225 bis
497 2194 562 2224 cod.
585 2193 756 2231 (sfmelsx
883 2194 948 2232 996
973 2193 1060 2224 bono
1074 2193 1130 2223 fiat
1149 2192 1248 2223 modo
1262 2190 1437 2222 Abraham
1450 2189 1546 2222 stud.

220 2239 268 2270 Pl.
286 2249 349 2269 210
493 2240 557 2277 998
576 2239 660 2277 insp.
676 2235 834 2275 Pylades:
859 2236 1090 2275 spectantibus
1107 2235 1172 2267 cod.
1194 2236 1271 2276 (pro
1289 2234 1547 2274 ispectantibus;

222 2293 249 2312 v.
263 2293 293 2320 9.
309 2284 343 2314 8)
489 2292 572 2312 1000
596 2291 666 2320 asp.
687 2280 899 2311 Camerarius
917 2291 921 2310 :
951 2279 1123 2319 cispcllam
1142 2278 1206 2310 cod.
1234 2279 1278 2318 (ci
1301 2283 1361 2318 pro
1383 2289 1423 2314 a;
1448 2278 1490 2308 vi.
1513 2277 1545 2318 1)

225 2335 306 2356 1002
332 2325 377 2355 illi
407 2324 613 2355 Lambinus:
648 2323 704 2355 ille
733 2323 799 2354 cod.
937 2333 1018 2361 ¹003
1044 2323 1076 2353 id
1105 2322 1179 2353 add.
1210 2321 1439 2352 Camerarius:
1467 2321 1546 2360 sort.

221 2369 340 2408 ecquid
479 2378 561 2408 ¹005
586 2367 634 2398 vel
650 2367 716 2398 illic
734 2367 766 2398 d.
920 2376 998 2404 1007
1025 2366 1115 2406 potis
1131 2365 1293 2406 Scaliger:
1319 2365 1432 2404 potius
1447 2364 1514 2395 cod.
