1727 2712
722 82 927 121 CASINA
1440 83 1493 119 II.
1515 81 1560 118 vi

161 193 235 231 OL.
258 193 377 231 credo
394 193 533 238 hercle,
550 192 669 231 hodie
683 191 887 231 denotabit
901 191 1013 230 sortis
1028 191 1058 229 si
1072 191 1250 242 attigerit.
1303 193 1372 229 Lv.
1396 198 1492 229 tace.

162 258 234 297 OL.
268 265 389 296 taceo.
414 258 510 296 deos
532 258 814 308 quaeso—CH.
848 264 889 294 ut
910 257 1071 307 quidem
1094 265 1135 295 tu
1157 257 1276 296 hodie
1296 270 1435 296 canem
1457 264 1495 295 et

1214 324 1362 361 furcam
1383 324 1492 360 feras.

73 398 142 433 390
161 388 234 427 OL.
269 387 364 426 mihi
386 395 427 426 ut
449 388 586 427 sortito
607 387 897 427 eueniat—CH.
931 395 973 425 ut
993 387 1155 438 quidem
1177 388 1308 426 hercle
1328 386 1497 438 pedibus

1307 453 1493 502 pendeas.

161 518 234 557 OL.
266 526 305 556 at
326 526 367 556 tu
389 526 431 556 ut
452 520 588 557 oculos
609 531 821 569 emungare
842 531 887 556 ex
908 518 1036 568 capite
1057 531 1125 568 per
1146 531 1286 557 nasum
1308 525 1406 556 tuos,

160 584 238 622 CH.
270 583 367 632 quid
388 583 532 621 times?
561 592 738 634 paratum
760 591 915 634 oportet
935 597 1020 622 esse
1041 583 1118 621 iam
1140 585 1325 633 laqueum
1347 582 1428 621 tibi.
1514 597 1557 628 40

160 648 233 686 OL.
275 648 432 698 periisti.
499 650 567 687 Lv.
608 648 785 687 animum
824 648 1020 687 aduortite
1058 649 1188 687 ambo.
1254 649 1327 687 OL.
1369 656 1492 686 taceo.

955 715 1024 751 Lv.
1059 727 1164 751 nunc
1185 721 1238 759 tu,
1262 713 1497 761 Cleustrata,

160 790 209 815 ne
229 791 252 815 a
272 790 336 816 me
357 791 551 816 memores
573 777 766 817 malitiose
787 779 837 816 de
858 779 931 816 hae
952 792 992 816 re
1014 779 1160 816 factum
1181 785 1248 816 aut
1270 777 1456 828 suspices,

72 856 136 892 395
160 842 230 880 tibi
269 842 477 892 permitto:
526 850 609 881 tute
647 842 751 881 sorti.
813 843 886 881 OL.
923 843 1053 893 perdis
1094 856 1167 881 me.
1228 843 1306 881 CH.
1344 843 1495 880 lucrum

1391 906 1492 945 facit.

159 973 228 1012 CL.
264 973 367 1011 bene
397 971 502 1011 facis.
563 973 640 1013 CH.
672 974 769 1012 deos
800 980 1046 1023 quaeso—ut
1077 980 1142 1011 tua
1176 986 1260 1012 sors
1289 986 1336 1012 ex
1371 972 1497 1011 sitella

1292 1037 1492 1088 ecfugerit.

158 1103 232 1141 OL.
263 1103 327 1141 ain
349 1105 421 1141 tu?
450 1103 543 1153 quia
564 1111 646 1142 tute
668 1117 708 1142 es
732 1104 928 1154 fugitinS‚
952 1105 1079 1142 omnis
1102 1112 1139 1142 te
1161 1103 1302 1142 imitari
1323 1102 1464 1153 cupis?
1512 1116 1553 1147 45

158 1168 308 1206 utinam
330 1175 397 1206 tua
417 1168 579 1218 quidem
601 1169 723 1222 (ista),
747 1169 846 1208 sicut
868 1168 1059 1209 Herculei
1080 1168 1310 1221 praedicant

158 1233 361 1282 quondam
384 1232 594 1282 prognatis,
618 1234 657 1270 in
679 1232 881 1271 sortiendo
902 1246 984 1271 sors
1005 1232 1226 1283 deliquerit.

70 1309 140 1342 400
159 1299 235 1337 CH.
269 1299 309 1336 tri
332 1305 373 1335 ut
395 1297 589 1347 liquescas
609 1297 703 1347 ipse,
725 1304 902 1335 actutum
924 1297 1040 1347 uirgis
1061 1297 1353 1337 calefactabere.

158 1364 227 1400 Lv.
261 1364 338 1400 hoc
358 1376 428 1411 age
449 1362 512 1409 sis,
535 1362 733 1412 Olympio.
793 1362 866 1401 OL.
900 1362 929 1400 si
952 1362 1014 1400 hic
1037 1362 1226 1400 litteratus
1248 1376 1311 1401 me
1331 1362 1443 1401 sinat.

157 1429 226 1465 Lv.
259 1429 367 1477 quod
390 1428 540 1465 bonum
557 1435 676 1477 atque
699 1429 939 1466 fortunatum
964 1428 1058 1466 mihi
1080 1427 1127 1466 sit
1146 1431 1152 1465 ἕ
1201 1428 1275 1467 OL.
1309 1428 1362 1466 ita
1382 1441 1488 1476 uero,
1511 1441 1553 1474 50

1322 1500 1360 1532 et
1381 1494 1488 1532 mihi.

156 1559 233 1596 CH.
277 1571 368 1595 non.
441 1558 515 1595 OL.
558 1557 682 1595 immo
720 1558 860 1596 hercle.
929 1559 1006 1597 CH.
1051 1558 1174 1597 immo
1212 1558 1309 1596 mihi
1347 1560 1489 1598 hercle.

813 1624 886 1661 CL.
916 1623 980 1660 hic
1000 1623 1144 1669 uincet,
1167 1630 1208 1661 tu
1230 1622 1341 1662 uiues
1362 1623 1488 1662 miser.

158 1689 227 1725 ΙΝ.
260 1688 418 1738 percide
448 1702 491 1727 os
522 1696 563 1726 tu
594 1688 646 1726 illi
674 1688 778 1726 odio.
828 1701 910 1738 age,
933 1688 1078 1738 ecquid
1105 1689 1177 1727 fit?
1215 1702 1312 1727 caue
1341 1688 1491 1727 obiexis

1315 1767 1487 1793 manum.

70 1826 135 1862 405
157 1819 230 1857 OL.
263 1832 515 1869 compressam
543 1820 673 1869 palma
699 1832 748 1856 an
777 1826 954 1868 porrecta
979 1819 1104 1857 ferio?
1162 1821 1231 1858 Lv.
1263 1832 1335 1869 age
1356 1827 1397 1858 ut
1418 1819 1487 1858 uis.

1204 1885 1278 1922 OL.
1310 1898 1373 1923 em
1395 1884 1464 1923 tibi
1482 1888 1489 1924 Ξ

155 1950 225 1988 CL.
258 1949 353 1999 quid
389 1949 458 1987 tibi
490 1949 617 1987 istunc
647 1949 767 1987 tactio
797 1951 885 1988 est?
941 1950 1016 1989 OL.
1048 1949 1141 1999 quia
1173 1949 1350 2000 Iuppiter
1379 1950 1489 1989 iussit

1364 2028 1485 2053 meus.

201 2120 263 2158 388
292 2119 428 2149 deuobit
451 2118 516 2149 cod.
536 2119 611 2159 (pro
636 2119 857 2151 deuouebitb
880 2120 1067 2159 (denotabit
1084 2119 1126 2159 J)
1240 2119 1306 2158 389
1331 2119 1432 2150 hodie
1454 2123 1489 2150 tu

159 2163 292 2194 Mueller
419 2173 484 2201 390
507 2162 626 2193 sortito
646 2162 786 2203 Spengel
802 2175 808 2193 z
840 2164 972 2194 sortitio
991 2163 1056 2194 cod.
1194 2172 1257 2202 393
1283 2163 1400 2194 amabo
1421 2162 1487 2198 cod,

158 2206 209 2245 (cf
229 2217 257 2237 v,
275 2207 354 2245 386)
464 2217 527 2245 394
554 2207 727 2245 suspicere
744 2206 808 2238 cod.
829 2207 866 2248 (i.
885 2208 918 2245 7)
1191 2209 1255 2246 398
1281 2209 1343 2240 ista
1358 2209 1489 2243 addidit

160 2248 292 2280 Gut'etus
305 2251 356 2288 (tf
370 2251 449 2289 3995
1055 2261 1119 2290 399
1145 2251 1176 2280 in
1196 2250 1283 2280 codd.
1295 2250 1467 2288 Nom'z'334
1483 2261 1491 2281 τ

157 2293 253 2332 sista*
275 2294 306 2323 in
323 2293 389 2325 cod.
407 2294 463 2331 (iv.
478 2294 512 2332 3)
653 2303 716 2331 402
741 2293 784 2323 sit
802 2293 940 2324 Pvlades
955 2307 960 2324 :
986 2300 1036 2325 est
1054 2294 1117 2324 cod.
1266 2305 1327 2332 404
1354 2294 1490 2332 pei-cide

162 2335 328 2367 Turnebus
344 2349 349 2367 :
374 2337 533 2376 praecide
550 2335 615 2366 cod.
709 2337 787 2366 odio
802 2336 954 2377 Seyff“¹t2
982 2339 1083 2368 hodie
1101 2337 1166 2369 cod.
1261 2347 1344 2367 caue
1366 2336 1470 2367 Bothe
1482 2361 1488 2368 .

158 2378 203 2410 M.
226 2385 395 2420 vpersonae
414 2382 505 2413 nota)
525 2389 567 2409 ne
584 2378 647 2409 cod.
661 2389 668 2408 ι
682 2379 763 2418 fort.
783 2382 823 2411 a!
849 2389 891 2410 ne
1023 2388 1087 2417 405
1111 2388 1180 2408 rem
1198 2377 1264 2409 cod.
1300 2380 1375 2408 hem
1388 2378 1430 2420 J)
