1727 2712
638 125 967 163 AVLVLARIA
1422 124 1474 160 ΙΙ.
1497 122 1543 160 vi

144 238 428 289 tibicinamque
449 237 742 289 opsoniumque
762 236 803 274 in
823 235 990 286 nuptias.

146 305 386 354 Megadorus
407 303 517 342 iussit
540 302 723 342 Euclioni
744 303 841 340 haec
863 301 1026 339 mittere.

144 370 233 407 STA.
269 367 441 416 Cererin,
465 368 646 415 Strobile,
668 369 740 405 has
759 374 851 405 sunt
871 365 1010 404 facturi
1030 365 1218 416 nuptias?
1498 380 1516 411 5

54 442 120 478 355
142 435 235 472 STR.
269 435 366 484 qui?
422 435 512 471 STA.
545 433 638 483 quia
658 431 793 471 temeti
815 431 911 469 nihil
932 432 1094 469 allatum
1115 430 1312 480 intellego.

142 500 236 537 STR.
267 506 306 536 at
326 498 403 536 iam
425 500 632 545 adferetur,
656 498 687 536 si
707 511 730 536 a
751 498 836 535 foro
857 496 965 546 ipsus
987 495 1154 534 redierit.

140 565 231 602 STA.
264 563 367 613 ligna
388 563 451 602 hic
471 565 578 614 apud
600 577 673 602 nos
693 563 800 600 nulla
820 570 922 600 sunt.
983 562 1055 601 Co.
1089 569 1180 599 sunt
1199 562 1378 599 asseres?

141 630 231 667 STA.
264 637 354 667 sunt
375 631 451 679 pol.
513 630 585 670 Co.
619 636 711 668 sunt
730 628 846 679 igitur
866 627 979 678 ligna,
1003 641 1053 665 ne
1074 640 1239 677 quaeras
1260 626 1363 664 foris.

139 695 229 731 STA.
262 693 369 743 quid,
393 694 602 745 inpurate?
632 706 873 744 quamquam
895 693 1075 730 Volcano
1097 692 1242 737 studes,
1499 708 1538 729 10

49 759 120 801 360
138 772 312 797 cenaene
333 773 471 797 caussa
490 768 558 798 aut
579 767 669 798 tuae
689 757 883 797 mercedis
903 757 1025 807 gratia

138 838 210 864 nos
231 832 383 863 nostras
403 825 512 864 aedis
534 826 709 876 postulas
729 824 992 862 comburere?

137 892 211 931 Co.
243 891 321 930 hau
338 892 506 942 postulo.
557 892 651 929 STR.
684 891 762 930 duc
775 889 871 928 istos
884 888 997 927 intro.
1049 889 1140 927 STA.
1167 886 1446 937 sequimini.—

412 1004 779 1041 PvTHOD1cvs
809 1000 1196 1051 (STROBILVS?)
1491 1000 1551 1036 vii

137 1087 204 1123 Pv.
238 1087 393 1125 Curate.
454 1098 528 1136 ego
548 1083 777 1123 interuisam
798 1082 896 1134 quid
916 1081 1061 1121 faciant
1081 1081 1199 1132 coqui
1216 1095 1224 1128 3

134 1164 234 1201 quos
255 1151 321 1201 pol
342 1159 384 1189 ut
404 1164 477 1201 ego
497 1149 618 1189 hodie
638 1163 792 1188 seruem
813 1162 906 1188 cura
926 1161 1111 1186 maxuma
1131 1154 1198 1185 est.

46 1217 113 1264 365
134 1215 209 1254 nisi
230 1230 354 1254 unum
374 1217 451 1254 hoc
471 1215 623 1263 faciam,
647 1223 689 1253 ut
710 1214 750 1253 in
770 1222 892 1265 puteo
912 1226 1052 1252 cenam
1073 1219 1246 1263 coquant
1263 1227 1270 1250 :

133 1278 214 1319 ind’
234 1288 388 1319 coctam
409 1294 545 1319 susum
566 1281 836 1319 subducemus
857 1278 1039 1317 corbulis.

132 1345 164 1384 si
183 1354 316 1385 autem
332 1347 518 1385 deorsum
539 1347 753 1385 comedent
773 1345 805 1383 si
825 1344 922 1395 quid
942 1343 1130 1390 coxerint,
1483 1357 1504 1390 5

131 1411 261 1462 superi
281 1411 452 1450 incenati
473 1419 564 1449 sunt
584 1419 623 1450 et
643 1410 773 1449 cenati
793 1409 916 1449 inferi.

131 1478 202 1516 secl
222 1477 343 1516 uerba
363 1477 426 1515 hic
448 1476 563 1524 facio,
584 1476 696 1527 quasi
717 1475 849 1526 negoti
871 1475 924 1513 nil
946 1474 1029 1521 siet,

44 1550 114 1584 370
131 1541 402 1594 rapacidarum
423 1542 490 1581 ubi
512 1550 665 1581 tantum
687 1541 759 1581 siet
780 1541 820 1579 in
840 1540 1017 1580 aedibus.

503 1655 717 1693 Ech1o
828 1654 1091 1693 CONGRIO
1486 1653 1563 1691 viii

131 1738 229 1775 Evc.
261 1736 380 1776 Volui
401 1736 578 1775 animum
599 1737 761 1775 tandem
783 1736 1015 1774 confirmare
1036 1734 1156 1774 hodie
1177 1747 1323 1781 meum,

128 1809 170 1839 ut
190 1801 292 1840 bene
313 1801 500 1840 haberem
522 1815 585 1839 me
605 1801 697 1839 filiai
718 1800 876 1850 nuptiis.

128 1866 246 1905 uenio
265 1867 316 1905 ad
338 1868 558 1914 macellum,
581 1866 707 1917 rogito
727 1866 845 1917 piscis
863 1880 869 1903 :
899 1864 1076 1904 indicant

127 1945 238 1971 caros
254 1946 264 1980 3
291 1932 476 1983 agninam
497 1946 637 1978 caram,
661 1945 791 1970 caram
812 1932 1015 1978 bubulam,

42 2004 108 2042 375
127 1996 345 2045 uitulinam,
368 2005 516 2046 cetum,
535 1997 738 2048 porcinam
755 2012 762 2035 :
792 2010 882 2035 cara
901 1995 1044 2034 omnia.
1482 2014 1500 2045 5

126 2070 245 2114 atque
265 2077 313 2102 eo
334 2065 491 2103 fuerunt
511 2063 670 2112 cariora,
692 2077 758 2102 aes
779 2076 860 2102 non
881 2070 972 2101 erat.

169 2176 234 2207 354
258 2167 320 2198 has
344 2174 421 2198 sunt
445 2167 510 2198 cod.
538 2167 628 2198 Festi
647 2169 734 2206 364:
768 2167 829 2197 has
847 2166 927 2206 (pro
950 2166 1012 2196 has
1029 2167 1063 2201 {3
1088 2165 1144 2203 vii,
1168 2176 1198 2204 p.
1219 2167 1277 2205 96)
1301 2165 1365 2196 cod.
1388 2178 1394 2196 ε
1426 2166 1458 2196 hi

125 2215 206 2240 sunt
221 2210 310 2241 codd.
332 2210 490 2242 Macrobii
501 2210 572 2242 Sat.
592 2222 622 2250 3,
647 2221 695 2249 11,
715 2221 734 2240 2
865 2219 929 2249 355
954 2209 1130 2249 intellego]
1150 2210 1250 2239 uideo
1266 2208 1354 2240 codd.
1374 2209 1455 2240 Fest.

125 2257 155 2284 et
170 2253 314 2286 Macrob.
430 2257 497 2294 360
519 2266 578 2286 -ne
594 2255 698 2285 Pius:
724 2264 782 2284 -ue
800 2253 865 2284 cod.
984 2254 1048 2292 365
1073 2262 1213 2292 coquam
1244 2252 1330 2283 codd.
1358 2252 1462 2283 Nonii

126 2308 192 2334 400
310 2300 372 2340 367
399 2299 435 2330 Si
452 2297 562 2341 (ipsi)
582 2298 678 2330 Goetz
693 2297 756 2338 (iii.
779 2297 847 2336 ΙΙ),
866 2307 948 2327 nam
966 2297 1125 2327 deorsum
1144 2295 1256 2337 trisyll.
1275 2299 1457 2336 suspectum

130 2343 196 2382 369
220 2346 279 2375 sed
299 2343 475 2376 Gruterus:
501 2346 530 2376 si
547 2344 616 2377 cod.

169 2404 289 2427 PLAVT.
310 2405 321 2426 1
1348 2394 1371 2426 8
1399 2431 1402 2433 Α
