1727 2702
155 99 207 136 ΙΙ.
231 98 276 135 iii
649 98 695 136 T.
727 96 908 136 MACCI
942 97 1143 135 PLAVTI

230 218 334 250 recte
354 210 548 249 audiuisti.
612 212 683 248 ΡΗ.
716 209 812 260 quid
832 209 913 260 agis
933 209 1030 248 hic?
1088 210 1157 247 LA.
1190 192 1298 260 q‘uod
1318 210 1499 260 gaudeas.

233 278 305 314 ΡΗ.
338 275 433 326 quid
456 275 495 314 id
518 276 604 314 est?
635 276 704 313 LA.
737 273 829 312 hinc
850 288 896 312 ex
918 273 1025 312 hisce
1045 273 1211 313 aedibus
1232 275 1364 324 paullo
1384 274 1490 324 prius

191 354 208 386 5
231 340 310 380 uidi
333 348 541 380 exeuntem
564 340 900 379 mulierem—PH.
933 338 1038 377 illam
1059 352 1161 389 quae
1183 352 1310 378 meam

228 414 385 456 gnatam
407 406 646 444 sustulerat?
703 406 774 443 LA.
806 417 887 443 rem
910 412 1029 444 tenes.
1090 406 1165 442 Pu.
1196 403 1292 454 quid
1312 405 1478 454 postea?

231 473 301 509 LA.
334 471 425 510 dico
445 471 480 510 ei
501 483 582 521 quo
602 477 719 521 pacto
738 483 825 509 eam
846 470 897 509 ab
917 469 1182 520 hippodromo
1204 463 1367 508 uiderim

229 536 362 576 erilem
384 544 558 576 nostram
579 536 697 575 filiam
719 537 932 575 sustollere.

228 601 407 640 extimuit
428 609 511 640 turn
533 601 608 640 illa.
670 603 752 640 ΜΕ.
786 600 862 639 iam
884 602 1014 639 horret
1035 613 1188 650 corpus,
1212 613 1279 638 cor
1299 599 1395 638 salit.

170 677 209 701 ¹0
228 679 318 705 nam
341 666 436 705 mihi
456 666 508 705 ab
527 666 794 717 hippodromo
814 664 976 704 memini
997 664 1136 704 adferri
1158 666 1358 715 paruolam

228 732 398 781 puellam
419 744 588 782 eamque
609 744 672 770 me
693 730 787 769 mihi
809 743 1042 781 supponere.

230 799 303 836 ΡΗ.
334 811 406 848 age
426 811 554 850 perge,
577 811 735 849 quaeso.
794 797 949 836 animus
969 796 1104 836 audire
1124 796 1269 847 expetit

227 870 269 902 ut
288 870 397 914 gesta
417 877 477 903 res
497 865 556 902 sit.
617 865 701 902 ME.
733 862 882 901 utinam
903 862 1039 901 audire
1061 875 1140 901 non
1161 875 1293 912 queas.

696 941 713 961 *
881 942 899 962 *
1067 942 1085 962 *

228 995 298 1032 LA.
330 1007 450 1045 pergo
470 992 592 1045 illa<m
614 992 794 1045 onerare>
812 993 952 1036 dictis:
985 992 1117 1032 ‘illaec
1139 993 1206 1031 ted
1225 1005 1324 1031 anus

170 1073 206 1106 ¹5
226 1058 407 1111 fortu<nis
428 1073 473 1098 ex
495 1058 678 1098 secundis
699 1060 750 1097 ad
771 1057 946 1111 mi>scras
971 1065 1097 1097 uocat.

226 1137 315 1162 nam
338 1124 450 1163 illaec
474 1123 544 1163 tibi
566 1123 693 1162 nutrix
714 1131 784 1170 est,
806 1137 856 1163 ne
878 1130 1040 1162 matrem
1064 1135 1235 1162 censeas.

225 1201 298 1240 ego
319 1196 356 1228 te
378 1190 552 1228 redduco
572 1196 610 1228 et
632 1201 733 1228 uoco
753 1189 804 1228 ad
823 1187 1033 1241 (summas)
1052 1187 1178 1235 ditias,

225 1254 291 1292 ubi
313 1262 354 1292 tu
376 1256 503 1294 locere
523 1254 563 1293 in
583 1254 824 1293 luculentam
846 1253 1046 1299 familiam,

225 1319 319 1357 und’
340 1319 410 1358 tibi
431 1320 578 1359 talenta
598 1332 740 1369 magna
759 1318 897 1369 uiginti
917 1326 1027 1370 pater

166 1396 207 1419 ²0
225 1385 292 1423 det
313 1384 415 1423 dotis
432 1399 440 1432 ;
470 1397 550 1423 non
571 1383 677 1423 enim
698 1383 762 1423 hic
783 1383 850 1422 ubi
872 1397 917 1422 ex
938 1385 1072 1423 Tusco
1093 1384 1215 1423 modo

225 1456 307 1488 tute
328 1449 397 1488 tibi
420 1449 580 1499 indigne
600 1450 735 1488 dotem
757 1461 922 1500 quaeras
943 1451 1130 1499 corpore.'

227 1515 300 1552 PH.
332 1527 394 1561 an,
415 1514 570 1560 amabo,
594 1512 775 1553 meretrix
795 1513 860 1552 illa
879 1521 938 1553 est
959 1526 1060 1563 quae
1082 1513 1186 1552 illam
1208 1513 1393 1552 sustulit?

226 1581 296 1618 LA.
329 1579 452 1618 immo
473 1579 651 1618 meretrix
673 1579 743 1618 fuit
759 1594 768 1626 ;
797 1580 866 1618 sed
888 1587 930 1618 ut
950 1579 1009 1626 sit,
1032 1579 1082 1618 de
1102 1592 1148 1618 ea
1168 1592 1208 1618 re
1228 1580 1398 1629 eloquar.

225 1643 301 1682 iam
323 1644 588 1695 perducebam
611 1643 715 1682 illam
736 1645 787 1682 ad
809 1657 873 1683 me
893 1645 1053 1683 suadela
1075 1656 1184 1682 mea:

165 1725 202 1755 25
225 1722 323 1748 anus
344 1709 378 1748 ei
398 1710 578 1760 amplexa
598 1717 656 1748 est
676 1722 805 1759 genua
825 1711 993 1760 plorans,
1016 1721 1226 1759 opsecrans

226 1787 275 1812 ne
295 1774 448 1813 deserat
468 1787 509 1812 se
527 1789 533 1812 :
563 1787 649 1812 eam
672 1787 782 1813 suam
804 1787 889 1813 esse
909 1774 1042 1821 filiam,

226 1852 346 1888 seque
366 1852 452 1877 eam
474 1838 670 1889 peperisse
691 1846 826 1878 sancte
845 1838 1049 1878 adiurabat
1071 1838 1176 1877 mihi.

229 1908 237 1923 ‘
250 1906 373 1943 istanc
394 1917 512 1954 quam
534 1904 687 1954 quaeris
701 1906 709 1922 '
730 1904 857 1955 inquit
881 1907 975 1955 ‘ego
994 1904 1144 1943 amicae
1165 1917 1276 1943 meae

225 1968 328 2015 dedi,
351 1982 452 2019 quae
473 1970 657 2008 educaret
677 1982 763 2008 eam
786 1982 856 2019 pro
877 1969 995 2008 filiola
1015 1982 1083 2007 sua
1102 1983 1108 2011 ;

167 2046 206 2076 30
225 2042 263 2072 et
285 2033 403 2072 uiuit'
424 2034 560 2084 inquit.
623 2034 714 2083 ‘,ubi
736 2048 781 2073 ea
801 2036 910 2073 est?’
931 2034 1090 2084 inquam
1113 2036 1348 2085 extempulo.

227 2100 300 2136 PH.
332 2106 485 2138 seruate
505 2099 544 2138 di
567 2100 672 2144 med,
692 2112 857 2149 opsecro
877 2102 883 2137 1
942 2101 1024 2137 ΜΕ.
1055 2107 1095 2138 at
1117 2113 1179 2138 me
1199 2099 1368 2150 perditis.

269 2212 330 2241 547
355 2203 443 2233 uidei
461 2201 526 2234 cod.
548 2202 702 2242 (antiqua
711 2202 842 2242 formal
985 2213 1050 2243 550
1077 2203 1174 2233 filiam
1197 2209 1342 2234 nostram
1361 2203 1425 2235 sod.
1445 2216 1451 2234 ε
1477 2204 1549 2236 troi.

225 2246 328 2277 Bothe
460 2255 522 2285 555
548 2255 601 2277 res
617 2251 713 2284 gesta
729 2245 817 2276 cod.:
844 2248 915 2276 irai.
939 2245 1072 2277 Gm‘etus
1168 2248 1222 2276 vix
1236 2248 1300 2278 siet
1392 2247 1551 2278 lacunam

225 2290 339 2320 codiccs
355 2300 421 2320 non
438 2289 583 2320 indicant
705 2291 778 2328 556,
798 2298 859 2328 557
883 2290 988 2329 spatia
1011 2290 1112 2320 relicta
1129 2291 1162 2320 in
1179 2289 1243 2322 cod.
1263 2301 1270 2329 ;
1292 2294 1366 2330 pos!
1379 2290 1460 2322 alios
1474 2297 1550 2331 sup-

220 2333 318 2374 plevit
334 2333 460 2363 Schoell
605 2342 669 2371 559
693 2342 816 2363 reuoco
836 2332 971 2373 Pylnles
1059 2332 1251 2377 (summas)
1269 2333 1352 2364 Bm'x
1367 2346 1373 2365 z
1397 2333 1552 2376 (auitas)

225 2376 351 2408 Schorll
496 2377 559 2415 565
583 2376 741 2406 meretrix
769 2375 826 2406 dcl.
857 2376 959 2406 Bothe
983 2376 1129 2416 rhythmi
1149 2387 1248 2408 causa
1433 2380 1494 2417 567
1519 2378 1550 2411 ei

225 2420 369 2462 (quom)
387 2420 519 2460 Sevffi‘rt
652 2429 714 2460 573
748 2419 797 2451 vel
826 2430 879 2450 me
898 2420 957 2451 (ita
975 2420 1060 2460 cod.)

1578 215 1642 252 545
1679 261 1683 267 ,

1578 545 1646 582 550
1666 544 1682 583 ,“

1577 870 1640 907 555

1574 1583 1638 1630 565

1573 1918 1642 1955 570
