1727 2702
115 63 183 101 IV.
207 63 250 100 iii
617 61 664 98 T.
698 60 880 100 MACCI
912 60 1116 99 PLAVTI

206 185 325 223 quem
348 185 486 211 omnes
511 172 693 210 mortales
715 170 894 220 ignorant
916 176 954 208 et
974 168 1180 208 ludificant
1200 175 1244 207 ut
1263 169 1402 208 lubet?

206 245 406 284 certumst,
438 236 540 275 intro
570 248 749 285 rumpam
777 234 817 273 in
843 233 977 274 aedis:
1012 233 1079 273 ubi
1107 247 1306 284 quemque
1333 233 1536 273 hominem

1335 312 1535 350 aspexero,

148 386 185 418 15
206 367 238 406 si
258 367 441 407 ancillam
462 380 531 406 seu
552 379 707 406 seruom
729 365 812 404 siue
833 378 994 404 uxorem
1015 364 1099 404 siue
1118 365 1340 404 adulterum

207 447 275 471 seu
298 441 446 483 patrem
468 431 551 471 siue
571 432 689 470 duom
711 430 870 478 uidebo,
893 429 1141 480 6ptruncabo
1162 429 1201 467 in
1221 428 1398 469 aedibus.
1559 441 1650 479 1050

206 511 336 548 neque
358 511 420 535 me
438 496 614 547 Iuppiter
630 509 760 546 neque
776 495 817 534 di
832 508 972 535 omnes
989 494 1029 534 id
1043 494 1321 545 prohibebunt,
1339 493 1370 533 si
1387 495 1534 541 uolent,

206 561 302 613 quin
325 561 380 600 sic
400 560 541 600 faciam
562 560 618 600 uti
639 559 836 600 constitui.
896 573 1055 611 pergam
1076 558 1116 598 in
1136 558 1246 598 aedis
1265 558 1462 598 nunciam.

707 711 944 759 ACTVS
992 710 1037 757 V

107 815 191 853 V.i
535 813 760 850 BRomiA
870 812 1217 850 AMPmTRvo

212 888 284 925 BR.
317 888 415 936 Spes
435 894 554 937 atque
575 900 670 937 opes
692 886 795 925 uitae
817 899 929 925 meae
950 885 1078 925 iacent
1098 888 1273 937 sepultae
1293 887 1333 926 in
1353 894 1523 938 pectore,

209 966 338 1002 neque
359 954 474 990 ullast
494 951 738 991 confidentia
757 951 833 989 iam
855 951 894 989 in
916 952 1046 997 corde,
1070 951 1165 1001 quin
1185 951 1381 990 amiserim
1397 967 1407 1000 ;

209 1017 261 1055 ita
283 1017 334 1055 mi
357 1016 540 1056 uidentur
561 1016 706 1064 omnia,
729 1030 847 1063 mare,
870 1024 980 1063 terra,
1003 1018 1169 1064 caelum,
1192 1016 1380 1067 consequi
1561 1024 1648 1062 1055

209 1081 286 1120 iam
308 1089 349 1120 ut
370 1081 579 1132 opprimar,
603 1089 645 1120 ut
665 1081 806 1120 enicer.
849 1095 912 1120 me
934 1081 1127 1128 miseram,
1146 1081 1242 1131 quid
1261 1095 1373 1131 agam
1391 1081 1535 1121 nescio.

170 1164 187 1195 5
208 1147 261 1186 ita
282 1154 389 1186 tanta
411 1146 507 1185 mira
527 1146 566 1185 in
587 1146 754 1186 aedibus
775 1154 865 1185 sunt
886 1148 998 1185 sacta.
1058 1160 1131 1186 uae
1152 1146 1316 1186 miserae
1337 1146 1443 1194 mihi,

208 1212 342 1250 animo
363 1213 513 1259 malest‚
535 1225 680 1262 aquam
701 1211 831 1250 uelim.
882 1218 1066 1262 corrupta
1085 1224 1172 1250 sum
1193 1219 1311 1262 atque
1331 1219 1540 1263 apsumpta

1437 1290 1536 1316 sum.

208 1350 326 1393 caput
347 1343 464 1389 dolet,
489 1356 619 1392 neque
638 1341 770 1388 audio,
793 1355 867 1380 nec
887 1340 1011 1380 oculis
1031 1341 1230 1392 prospicio
1249 1341 1352 1389 satis,

208 1422 281 1447 nec
304 1421 366 1446 me
388 1407 563 1446 miserior
582 1407 730 1446 femina
749 1414 807 1445 est
829 1420 958 1457 neque
978 1408 1057 1445 ulla
1076 1406 1256 1446 uideatur
1277 1407 1409 1458 magis.
1559 1405 1651 1442 1060

209 1472 262 1511 ita
282 1486 369 1511 erae
391 1486 502 1511 meae
523 1472 642 1511 hodie
666 1471 841 1523 contigit.
901 1485 992 1510 nam
1017 1471 1085 1511 ubi
1109 1473 1282 1523 parturit,
1305 1475 1403 1513 deos
1430 1471 1539 1526 [sibi]

1370 1539 1540 1586 inuocat,

153 1622 192 1645 10
265 1603 458 1654 strepitus,
479 1603 660 1653 crepitus,
679 1603 841 1650 sonitus,
861 1602 1046 1641 tonitrus:
1072 1611 1114 1641 ut
1130 1603 1273 1651 subito,
1292 1612 1333 1642 ut
1349 1617 1482 1655 prope,
1500 1611 1543 1642 ut

1241 1669 1370 1708 ualide
1390 1668 1542 1708 tonuit!

210 1733 277 1772 ubi
316 1732 483 1784 quisque
525 1733 730 1782 institerat,
768 1733 943 1773 concidit
981 1734 1142 1785 crepitu.
1220 1734 1273 1773 ibi
1318 1733 1543 1785 nescioquis

1361 1813 1542 1838 maxuma

318 1878 418 1903 uoce
438 1866 629 1903 exclamat
647 1880 653 1903 :
687 1866 941 1911 ‘Alcumena,
964 1866 1076 1904 adest
1095 1864 1296 1911 auxilium,
1317 1878 1367 1904 ne
1387 1864 1504 1904 time:

317 1937 355 1968 et
377 1929 445 1967 tibi
468 1938 505 1968 et
528 1929 603 1968 tuis
626 1929 817 1979 propitius
838 1929 934 1968 caeli
956 1931 1082 1968 cultor
1101 1929 1275 1969 aduenit.
1563 1923 1650 1969 ¹0⁶5

210 1995 423 2044 exsurgite'
447 1994 573 2045 inquit
597 1995 684 2045 ‘qui
707 2003 851 2033 terrore
873 2008 962 2034 meo
983 1995 1183 2034 occidistis
1204 2009 1295 2045 prae
1316 1996 1448 2034 metu.’

153 2071 189 2105 15
210 2068 252 2098 ut
274 2059 384 2107 iacui,
405 2074 580 2111 exsurgo.
621 2061 757 2099 ardere
777 2060 912 2099 censui
933 2060 1052 2108 aedis,
1071 2060 1123 2099 ita
1144 2068 1226 2099 tum
1249 2060 1539 2110 confulgebant.

211 2124 263 2163 ibi
286 2139 348 2163 me
371 2125 556 2163 inclamat
578 2126 822 2171 Alcumena;
852 2124 928 2162 iam
951 2139 996 2163 ea
1018 2139 1076 2164 res
1098 2139 1160 2164 me
1182 2127 1340 2164 horrore
1359 2124 1502 2163 adficit.

259 2229 351 2266 1048,
375 2238 456 2266 ¹⁰52
480 2228 574 2258 aedis
593 2227 819 2257 Camerarius:
846 2227 987 2258 aedibus
1003 2227 1066 2258 cod.
1163 2239 1244 2268 1052
1269 2228 1365 2259 velut
1383 2229 1441 2267 (ita
1458 2227 1540 2266 cod.)

213 2271 368 2302 constitui
518 2272 599 2309 1058
633 2276 826 2310 corrumpta
853 2270 1025 2302 Fleckeisen
1185 2273 1265 2303 1060
1301 2272 1376 2303 scm.
1410 2271 1541 2302 neculla

212 2315 351 2345 Redslob
420 2315 554 2345 uiduior
573 2314 615 2353 (ἒ)
628 2312 766 2344 Palmer
854 2315 929 2344 1061
951 2315 1015 2345 sibi
1029 2313 1087 2346 del.
1102 2314 1243 2356 Pylades
1257 2317 1373 2356 (praec.
1388 2326 1412 2351 s,
1428 2326 1489 2354 seq.
1501 2315 1539 2355 i),

214 2369 295 2390 nam
314 2358 375 2389 sibi
393 2361 528 2388 inuocat
545 2360 732 2398 suspectum
869 2359 949 2388 1062
973 2368 1078 2398 prope
1098 2358 1254 2390 Palmcr:
1277 2368 1424 2399 propere
1441 2357 1507 2390 cod.
