1727 2712
699 79 930 118 CAPTIVI
1425 81 1477 118 II.
1498 80 1514 117 i

64 173 134 197 210

65 220 128 245 211
151 191 223 227 Tv.
255 202 379 227 unum
412 202 570 228 exorare
601 202 674 228 uos
704 188 819 227 sinite
852 202 935 227 nos.
996 191 1068 228 Lo.
1101 189 1291 240 quidnam
1321 189 1361 229 id
1393 191 1483 230 est?

929 256 1002 292 ΤΥ.
1036 262 1077 293 ut
1099 255 1182 294 sine
1202 254 1311 294 hisce
1329 254 1482 295 arbitris

364 327 482 369 atque
503 319 617 358 uobis
638 319 753 358 nobis
773 319 874 358 detis
896 321 1028 358 locum
1049 320 1250 371 loquendi.

62 365 132 445 Ξξέ
152 387 223 423 Lo.
273 385 349 422 fiat.
419 385 620 435 apscedite
658 384 750 423 hinc
770 400 777 423 z
827 398 898 424 nos
939 386 1206 424 concedamus
1245 387 1333 425 huc.
1412 387 1483 426 sed

860 451 1023 489 breuem
1044 450 1262 490 orationem
1284 451 1479 502 incipisse.

65 525 129 562 215
205 515 278 552 ΤΥ.
310 514 374 553 em
394 514 494 553 istuc
514 514 610 553 mihi
630 522 780 554 certum
802 522 893 553 erat.
944 516 1122 554 concede
1142 517 1229 554 huc.
1290 517 1362 555 Lo.
1395 515 1479 569 [ab]
1505 527 1547 550 20

778 579 831 618 ite
850 580 900 618 ab
922 580 1015 618 istis.
1075 582 1148 618 ΤΥ.
1181 580 1341 619 obnoxii
1361 581 1482 620 ambo

313 644 428 683 uobis
443 646 734 695 sumu’propter
750 646 852 683 hanc
866 658 958 692 rem,
970 658 1092 695 quom
1100 658 1202 695 quae
1219 646 1394 684 uolumu'
1410 659 1482 685 nos

314 710 429 760 copia
448 717 506 748 est
521 725 531 758 3
559 724 605 749 ea
624 710 749 748 facitis
770 723 843 749 nos
864 718 1078 761 compotes.

316 777 487 814 PfflLoc.
520 776 661 814 secede
682 777 760 813 hue
780 775 978 822 nunciam,
1003 775 1033 813 si
1055 775 1220 822 uidetur,
1239 777 1391 826 procul,

65 857 134 881 220
316 855 367 880 ne
386 840 518 879 arbitri
538 840 644 879 dieta
664 848 796 879 nostra
815 840 991 879 arbitrari
1012 848 1159 891 queant

314 919 392 945 neu
412 912 614 956 permanet
634 907 764 956 palam
785 907 882 944 haee
903 913 1036 944 nostra
1056 906 1217 945 fallacia.
1508 917 1547 950 25

314 984 405 1009 nam
426 970 507 1009 doli
528 983 608 1008 non
629 970 711 1009 doli
731 978 832 1018 sunt,
855 969 966 1022 ni<si>
984 978 1070 1008 astu
1092 972 1208 1018 colas,

314 1036 384 1075 sed
406 1037 553 1074 malum
575 1049 818 1083 maxumum,
838 1034 869 1073 si
891 1034 930 1073 id
952 1037 1081 1085 palam
1103 1037 1294 1086 prouenit.

152 1116 245 1141 nam
272 1103 304 1140 si
332 1115 420 1140 erus
452 1101 548 1140 mihi
579 1115 621 1140 es
655 1103 696 1140 tu
730 1109 849 1152 atque
883 1115 956 1151 ego
986 1115 1049 1141 me
1078 1109 1188 1140 tuom
1216 1116 1301 1142 esse
1330 1117 1486 1143 seruom

1275 1169 1484 1216 adsimulo,

66 1245 131 1283 225
154 1241 287 1271 tamen
320 1233 407 1271 uiso
441 1239 569 1283 opust,
602 1239 718 1271 cauto
747 1239 805 1270 est
836 1245 947 1282 opus,
982 1240 1024 1271 ut
1055 1233 1131 1271 hoc
1163 1232 1292 1272 sobrie
1322 1233 1487 1283 sineque

1331 1298 1484 1336 arbitris

261 1370 442 1402 accurate
461 1370 606 1414 agatur,
629 1364 748 1402 docte
767 1370 807 1402 et
827 1363 1033 1413 diligenter
1049 1378 1058 1410 ;
1509 1376 1550 1407 30

263 1435 371 1467 tanta
391 1428 547 1479 incepta
566 1441 625 1467 res
647 1436 704 1467 est
724 1444 730 1467 :
761 1430 838 1467 hau
861 1428 1126 1468 somniculose
1148 1430 1224 1467 hoc

263 1495 460 1543 agendum
477 1501 545 1532 est.
577 1495 650 1532 Tv.
683 1507 749 1532 ero
765 1501 807 1532 ut
823 1507 886 1532 me
902 1495 1012 1532 uoles
1029 1508 1123 1532 esse.
1158 1496 1328 1533 PH1Loc.
1361 1508 1485 1546 spero.

264 1560 336 1597 Tv.
369 1572 460 1596 nam
481 1566 523 1597 tu
544 1573 649 1598 nunc
670 1559 782 1598 uides
802 1572 873 1609 pro
894 1567 963 1597 tuo
984 1572 1075 1597 caro
1096 1559 1224 1609 capite

68 1637 138 1671 230
264 1637 396 1662 carum
418 1625 554 1662 offerre
573 1622 673 1676 (me)
692 1637 824 1662 meum
846 1632 964 1674 eaput
984 1623 1135 1662 uilitati.

157 1690 328 1727 PmLoc.
371 1688 463 1727 scio.
533 1690 606 1727 Tv.
652 1696 692 1727 at
725 1688 822 1727 scire
857 1696 1073 1737 memento,
1109 1690 1272 1739 quando
1306 1689 1346 1728 id
1381 1690 1490 1740 quod
1511 1699 1549 1732 35

1170 1756 1279 1792 uoles
1301 1755 1491 1803 habebis;

157 1831 248 1856 nam
269 1819 348 1857 fere
368 1832 551 1857 maxuma
572 1832 659 1869 pars
680 1831 830 1857 morem
851 1819 957 1857 hunc
979 1819 1160 1857 homines
1181 1820 1328 1857 habent
1346 1835 1352 1857 :
1383 1821 1491 1869 quod

1243 1884 1317 1922 sibi
1338 1886 1488 1932 uolunt,

490 1947 584 1984 dum
607 1946 646 1984 id
668 1946 888 1997 impetrant,
913 1949 1008 1988 boni
1029 1957 1120 1989 sunt
1136 1966 1146 1997 3

425 2013 494 2051 sed
515 2012 555 2050 id
576 2011 643 2050 ubi
665 2011 741 2049 iam
762 2025 883 2062 penes
905 2014 990 2051 se'se
1011 2013 1171 2059 habent,

70 2092 113 2127 23
120 2092 135 2127 5
372 2092 419 2116 ex
439 2077 554 2116 bonis
575 2076 748 2126 pessumi
769 2084 807 2114 et
828 2077 1188 2116 fraudulentissumi

373 2144 482 2181 fiunt.
530 2143 700 2179 PH1Loc.
734 2155 838 2179 nune
859 2149 901 2180 ut
923 2142 1018 2180 mihi
1036 2150 1073 2180 te
1094 2144 1186 2181 uolo
1207 2156 1292 2182 esse
1312 2150 1485 2183 autumo.
1508 2157 1552 2190 40

203 2257 265 2287 215
290 2248 336 2278 ite
358 2247 472 2287 scripffl'
492 2246 544 2285 (cf.
572 2244 618 2275 ad
638 2245 767 2285 Amph.
795 2245 851 2283 32)
1002 2255 1065 2284 224
1090 2250 1124 2276 tu
1149 2246 1228 2276 mihi
1253 2257 1289 2276 es
1312 2246 1490 2277 Hermann

161 2293 224 2322 226
241 2290 337 2332 [hoc]
355 2295 474 2329 agatur
490 2289 554 2320 cod.
576 2301 582 2320 :
606 2299 682 2319 corr.
701 2289 834 2319 Guietus
978 2299 1043 2327 230
1066 2300 1119 2319 me
1136 2289 1210 2320 add.
1226 2289 1358 2329 Bentley
1444 2290 1496 2320 vel

160 2334 288 2365 vilitati
317 2334 430 2373 (quasi
454 2333 545 2374 deae)
692 2341 752 2370 231
779 2337 948 2362 memento
985 2333 1073 2362 scire
1105 2333 1288 2371 Flerkeisen,
1324 2337 1361 2364 ut
1391 2333 1491 2364 iamb.

160 2379 360 2419 septenarius
367 2377 435 2416 fiat
568 2377 632 2415 236
656 2376 739 2406 fiunt
756 2376 931 2406 Hermann
947 2386 953 2405 :
978 2380 1057 2406 sunt
1069 2375 1133 2406 cod.
1150 2377 1181 2417 (s
1192 2382 1255 2416 pro
1272 2376 1299 2417 s)
