1727 2702
114 101 182 141 lv.
209 102 256 138 ix
633 103 679 138 T.
713 100 893 140 MACCI
926 100 1130 139 PLAVTI

150 226 188 248 ιο
213 214 342 252 turbat
375 215 488 263 equo*
518 212 646 263 lepide
674 212 835 263 ligneus.
897 213 963 250 Νι.
998 213 1198 261 Chrysale,
1227 215 1320 252 ades
1341 215 1436 254 dum
1467 229 1542 266 ego

1279 279 1349 317 has
1370 281 1534 330 pellego.

316 344 393 382 CH.
426 343 522 393 quid
545 357 606 381 me
628 342 697 382 tibi
717 344 856 382 adesse
878 356 978 393 opus
999 344 1087 381 est?
1144 343 1210 381 Νι.
1242 345 1335 382 uolo
1360 351 1402 382 ut
1428 346 1537 395 quod
1557 348 1647 391 988·

1271 408 1390 448 iubeo
1407 409 1535 455 facias,

424 481 466 512 ut
486 473 584 512 scias
605 487 706 523 quae
728 473 790 511 hic
812 472 956 522 scripta
976 472 1087 511 sient.

423 539 500 578 CH.
533 537 585 575 nil
608 551 737 576 moror
759 550 887 587 neque
909 536 1006 576 scire
1028 539 1131 575 uolo.
1559 534 1646 577 989⁸

425 605 490 642 Νι.
524 611 654 641 tamen
675 603 782 641 ades,
841 603 918 641 CH.
952 601 1048 651 quid
1069 604 1215 652 opust?
1273 604 1337 641 Νι.
1371 611 1524 642 taceas:

146 684 184 716 15
423 669 531 719 quod
553 667 672 706 iubeo
692 667 731 706 id
754 667 882 705 facias.
942 668 1021 707 CH.
1052 668 1183 705 adero.
1556 674 1646 713 990⁸

261 736 329 772 Νι.
350 748 471 784 eugae
485 734 631 771 litteras
646 732 836 770 minutas!
878 733 956 771 CH.
980 731 1047 781 qui
1062 731 1223 781 quidem
1239 732 1370 771 uideat
1384 747 1538 784 parum;

260 813 396 837 uerum
424 798 490 849 qui
521 797 603 837 sati'
624 797 767 844 uideat,
795 798 962 847 grandes
993 796 1076 835 sati'
1101 804 1203 835 sunt.
1264 799 1329 836 Νι.
1361 798 1537 837 animum

1192 862 1391 901 aduortito
1412 862 1535 914 igitur.

261 931 338 970 CH.
371 930 464 968 nolo
481 928 654 978 inquam.
697 929 762 966 Nx.
794 935 834 966 at
850 928 943 966 uolo
958 927 1131 978 inquam.
1174 928 1252 967 CH.
1284 926 1381 978 quid
1394 929 1540 978 opust?

731 995 796 1031 N1.
828 1001 868 1031 at
889 992 993 1031 enim
1017 993 1056 1031 id
1079 994 1187 1043 quod
1209 1000 1246 1031 te
1268 992 1386 1032 iubeo
1406 993 1535 1032 facias.

259 1061 336 1100 CH.
370 1059 552 1098 iustumst
571 1057 649 1110 (ut)
669 1066 756 1096 tuos
778 1057 847 1096 tibi
869 1071 1003 1096 seruos
1024 1066 1093 1097 tuo
1113 1058 1298 1097 arbitratu
1320 1058 1472 1097 seruiat.

144 1140 184 1162 20
206 1126 271 1163 Νι.
305 1126 381 1163 hoc
411 1138 482 1174 age
512 1123 563 1161 sis
593 1122 789 1162 nunciam.
851 1124 928 1163 CH.
962 1123 1029 1162 ubi
1060 1124 1183 1171 lubet,
1212 1123 1353 1163 recita:
1384 1123 1536 1162 aurium
1556 1133 1622 1168 995

1158 1203 1318 1240 operam
1341 1189 1410 1228 tibi
1432 1189 1533 1228 dico.

367 1256 433 1294 Νι.
466 1269 577 1294 cerae
598 1254 758 1305 quidem
781 1256 857 1293 hau
880 1255 997 1305 parsit
1019 1269 1148 1306 neque
1168 1255 1282 1304 sti103

420 1321 489 1358 sed
511 1319 705 1369 quidquid
727 1327 794 1365 est,
819 1321 1012 1370 pellegere
1032 1328 1230 1359 certumst.
1553 1316 1641 1360 996¹²

207 1389 215 1405 ‘
229 1393 348 1436 pater,
372 1386 564 1424 ducentos
588 1384 790 1434 Philippos
811 1398 960 1434 quaeso
981 1386 1172 1435 Chrysalo

205 1451 265 1496 da,
289 1450 319 1488 si
341 1463 426 1488 esse
446 1451 598 1488 saluom
620 1448 679 1487 uis
701 1463 763 1487 me
783 1457 850 1488 aut
871 1449 1030 1489 uitalem
1053 1450 1147 1489 tibi!

146 1529 183 1559 ²5
205 1516 351 1553 malum
365 1514 525 1564 quidem
542 1515 671 1553 hercle
685 1528 882 1564 magnum.
925 1516 1002 1555 CH.
1027 1515 1097 1555 tibi
1114 1516 1214 1555 dico.
1258 1518 1322 1555 N1.
1347 1515 1441 1566 quid
1456 1517 1536 1554 est?

206 1580 282 1619 CH.
315 1593 395 1618 non
418 1579 513 1630 priu'
534 1581 699 1618 salutem
722 1579 904 1630 scripsit?
961 1582 1027 1619 N1.
1061 1595 1255 1631 nusquam
1277 1580 1414 1620 sentio.
1559 1589 1649 1615 1000

205 1646 282 1684 CH.
315 1658 395 1683 non
416 1644 531 1692 dabi’‚
555 1644 585 1683 si
607 1644 733 1695 sapies
751 1659 761 1693 ;
790 1659 927 1684 uerum
949 1645 980 1684 si
1002 1647 1071 1685 das
1093 1659 1286 1692 maxume,

206 1723 254 1749 ne
275 1710 338 1748 ille
358 1710 478 1748 alium
499 1711 676 1760 gerulum
698 1718 870 1760 quaerat,
893 1710 923 1750 si
946 1711 1080 1762 sapiet,
1104 1711 1176 1750 sibi
1194 1727 1200 1750 :

205 1789 294 1814 nam
316 1788 390 1825 ego
411 1789 490 1813 non
512 1777 658 1813 laturus
680 1789 778 1822 sum,
802 1776 832 1814 si
856 1776 990 1815 iubeas
1013 1790 1204 1815 maxume.

141 1859 183 1889 30
203 1849 260 1879 sat
282 1841 336 1879 sic
357 1849 562 1891 suspectus
583 1855 682 1888 sum,
705 1855 826 1891 quom
848 1856 963 1881 careo
984 1842 1109 1881 noxia.

206 1907 270 1944 N1.
303 1907 479 1944 ausculta
500 1919 626 1956 porro,
651 1907 746 1945 dum
770 1907 846 1945 hoc
867 1908 975 1957 quod
997 1907 1221 1957 scriptumst
1242 1907 1404 1957 pellego.
1557 1913 1642 1950 1003

204 1971 281 2011 CH.
314 1970 406 2009 inde
426 1983 449 2008 a
469 1970 662 2021 principio
685 1970 760 2008 iam
785 1970 981 2020 inpudens
1003 1971 1168 2022 epistula
1189 1979 1256 2009 cst.

204 2037 269 2073 Νι.
302 2038 311 2054 ‘
327 2036 448 2085 pudet
470 2035 625 2086 prodire
649 2049 710 2074 me
731 2036 781 2074 ad
804 2044 841 2074 te
862 2036 901 2074 in
923 2044 1192 2087 conspectum,
1215 2044 1346 2087 pater:

203 2109 354 2139 tantum
377 2101 565 2152 flagitium
588 2108 626 2138 te
647 2099 744 2138 scire
764 2100 897 2138 audiui
921 2115 1064 2148 meum,

144 2179 182 2210 35
203 2169 311 2217 quod
333 2180 422 2205 cum
445 2165 634 2216 peregrini
656 2165 774 2204 cubui
797 2179 915 2205 uxore
937 2166 1093 2205 militis.‘

205 2233 268 2281 pol
291 2233 368 2269 hau
389 2231 569 2277 deride53
600 2243 690 2268 nam
713 2231 893 2268 ducentis
913 2231 1039 2270 aureis
1555 2232 1644 2258 ¹0¹0

245 2336 324 2375 988·
350 2335 469 2365 iubebo
489 2334 519 2364 B
659 2344 723 2373 994
750 2340 782 2364 ut
813 2335 886 2366 add,
914 2334 1091 2366 Hermann
1192 2336 1243 2365 vix
1267 2341 1344 2366 tuos
1368 2336 1425 2366 tibi
1453 2336 1487 2366 (ι’.
1505 2346 1528 2366 e.

207 2384 304 2410 ‘tuus
328 2379 428 2419 ipsius
440 2378 463 2418 ¹)
481 2377 583 2419 (tibi)
600 2389 616 2407 s
770 2380 836 2417 996
861 2379 924 2408 hau
951 2382 1134 2419 suspectum
1287 2389 1367 2410 1002
1393 2383 1532 2418 quaeret

203 2422 418 2453 Brachmann
555 2430 635 2460 1007
663 2427 845 2461 conspectu
863 2422 894 2452 B
