1727 2702
210 104 262 142 ΙΙ.
285 105 330 142 iii
706 108 752 145 T.
787 108 967 147 MACCI
1000 109 1203 146 PLAVTI

286 222 355 259 sed
377 220 460 259 sine
482 234 544 260 me
572 223 667 260 dum
696 222 797 260 banc
824 223 1071 273 compellare.
1131 223 1229 261 heus
1250 222 1398 268 mulier,
1422 222 1491 261 tibi
1512 221 1613 262 dico.

1309 290 1382 326 ER.
1414 287 1511 338 quid
1529 289 1617 327 est?

286 351 390 389 MES.
424 351 490 389 ubi
522 359 562 390 tu
588 353 693 390 hunc
724 352 927 404 hominem
948 352 1124 391 nouisti?
1181 355 1256 391 ER.
1288 352 1434 391 ibidem
1463 351 1531 391 ubi
1550 352 1614 391 hic

1353 431 1415 455 me
1435 416 1511 455 iam
1532 416 1611 463 diu,

283 481 322 519 in
345 481 580 532 Epidamno.
633 484 737 520 MEs.
770 482 809 520 in
833 482 1088 532 Epidamno?
1117 482 1183 532 qui
1205 483 1282 520 huc
1299 482 1338 519 in
1359 483 1461 519 hanc
1476 481 1613 520 urbem
1630 485 1697 530 380
1723 489 1727 519 j

1472 547 1612 597 pedem

281 610 354 649 nisi
376 610 496 650 hodie
517 624 734 661 numquam
757 612 859 650 intro
880 611 1038 650 tetulit?
1088 613 1161 650 ER.
1187 611 1275 650 heia
1293 615 1299 650 !
1331 611 1491 650 delicias
1506 611 1610 650 facis.

222 693 263 722 30
282 676 334 714 mi
358 677 631 724 Menaechme,
655 676 762 726 quin,
785 677 940 723 amabo,
964 676 995 715 is
1016 676 1147 715 intro?
1177 676 1240 715 hic
1261 677 1331 715 tibi
1354 676 1423 715 erit
1445 675 1595 715 rectius.

282 742 396 780 ΜΕΝ.
430 743 527 780 haec
554 741 715 791 quidem
751 743 893 792 edepol
928 749 1031 780 recte
1061 743 1233 792 appellat
1261 755 1351 780 meo
1378 755 1441 780 me
1475 741 1613 780 mulier

1439 805 1608 845 nomine.

279 872 386 910 nimi'
413 872 531 910 miror
551 871 646 922 quid
668 873 744 910 hoc
765 873 813 910 sit
834 871 976 922 negoti.
1031 873 1136 910 MES.
1169 871 1322 910 oboluit
1344 870 1610 922 marsuppium

280 937 371 975 huic
399 937 499 975 istuc
527 937 636 987 quod
665 937 797 975 habes.
872 938 986 975 ΜΕΝ.
1019 944 1138 986 atque
1162 937 1305 987 edepol
1330 943 1371 974 tu
1393 949 1456 974 me
1476 948 1612 974 monu-
1629 942 1690 990 385

1394 1001 1454 1039 isti
1475 1000 1608 1051 probe.

278 1066 512 1117 accipedum
542 1067 629 1105 hoc.
686 1066 764 1104 iam
792 1067 902 1105 scibo
931 1074 1060 1105 utrum
1091 1068 1188 1105 haec
1216 1080 1279 1105 me
1304 1080 1416 1117 mage
1435 1073 1541 1104 amet
1559 1079 1610 1104 an

1330 1131 1610 1182 marsuppium.
1663 1149 1671 1159 ν

220 1213 258 1246 35
281 1198 356 1236 ER.
387 1210 523 1236 eamus
544 1197 659 1245 intro,
675 1204 716 1235 ut
738 1197 1013 1247 prandeamus
1087 1198 1204 1235 ΜΕΝ.
1234 1197 1337 1235 bene
1357 1209 1500 1235 uocas:
1531 1203 1610 1234 tam

1440 1261 1609 1312 gratiast.

279 1328 352 1365 ER.
381 1340 453 1377 qur
473 1327 587 1377 igitur
608 1340 670 1366 me
691 1327 762 1365 tibi
783 1326 926 1365 iussisti
947 1340 1118 1377 coquere
1138 1327 1292 1365 dudum
1313 1326 1552 1377 prandium?

278 1393 392 1430 ΜΕΝ.
425 1405 526 1442 egon
557 1399 594 1430 te
624 1391 716 1430 iussi
747 1393 948 1442 coquere?
1025 1393 1098 1430 ER.
1131 1400 1250 1438 certo,
1276 1391 1346 1430 tibi
1378 1398 1415 1429 et
1439 1391 1608 1442 parasito

1526 1463 1604 1494 tuo.

278 1523 392 1560 ΜΕΝ.
424 1521 530 1572 quoi,
554 1523 711 1569 malum,
735 1521 934 1571 parasito?
971 1528 1078 1559 certo
1099 1522 1196 1559 haec
1218 1520 1356 1559 mulier
1376 1533 1455 1558 non
1477 1527 1606 1558 sanast
1624 1531 1689 1568 390

1501 1585 1603 1624 satis.

275 1654 348 1690 ER.
382 1652 581 1691 Peniculo.
662 1653 775 1690 ΜΕΝ.
808 1651 896 1702 quis
927 1651 999 1690 iste
1031 1651 1087 1690 e'st
1118 1651 1356 1690 Peniculus?
1394 1650 1461 1700 qui
1488 1658 1605 1689 exter-

1271 1723 1411 1767 gentur
1431 1716 1605 1754 baxeae?

212 1796 254 1825 40
276 1783 348 1820 ER.
382 1782 529 1820 scilicet
550 1782 616 1832 qui
638 1783 791 1821 dudum
814 1789 945 1820 tecum
968 1781 1087 1828 uenit,
1111 1795 1232 1832 quom
1253 1783 1396 1832 pallam
1419 1780 1515 1819 mihi

272 1847 443 1886 detulisti
466 1848 584 1897 quam
606 1848 657 1886 ab
679 1861 799 1886 uxore
820 1855 887 1886 tua
908 1847 1149 1898 surrupuisti.
1212 1848 1325 1885 ΜΕΝ.
1357 1845 1454 1896 quid
1474 1847 1562 1885 est?

271 1913 341 1952 tibi
363 1915 506 1964 pallam
527 1913 619 1952 dedi
642 1927 761 1964 quam
784 1913 891 1952 uxori
914 1926 1025 1952 meae
1046 1912 1255 1963 surrupui?
1283 1925 1406 1950 sanan
1426 1913 1496 1950 es?

271 1987 375 2017 certe
395 1980 492 2017 haec
516 1979 653 2018 mulier
675 1978 907 2017 cantherino
927 1979 1001 2017 ritu
1027 1979 1031 2028 Ι
1058 1986 1189 2016 astans
1209 1977 1389 2017 somniat.
1619 1985 1680 2026 395

274 2044 347 2080 ER.
380 2043 446 2093 qui
469 2044 576 2082 lubet
598 2043 769 2082 ludibrio
790 2044 935 2082 habere
957 2057 1019 2081 me
1039 2051 1157 2093 atque
1179 2043 1232 2081 ire
1254 2042 1396 2081 infitias
1417 2041 1511 2080 mihi

210 2119 252 2151 45
273 2109 374 2146 sacta
393 2122 495 2158 quae
515 2111 636 2147 sunt?
695 2111 808 2147 ΜΕΝ.
841 2109 905 2147 dic
933 2109 1028 2159 quid
1050 2117 1107 2147 est
1136 2108 1174 2146 id
1196 2109 1303 2158 quod
1333 2121 1470 2157 negem
1492 2108 1599 2157 quod

1412 2172 1601 2211 fecerim?

315 2278 378 2316 378
402 2277 495 2308 dicos
511 2277 576 2308 cod.
599 2278 693 2313 (corr,
710 2276 774 2318 13²)
907 2278 970 2316 384
997 2277 1146 2308 obuoluit
1163 2276 1228 2308 cod.
1248 2278 1341 2316 (corr.
1360 2275 1422 2316 3²)
1533 2285 1599 2315 390

272 2321 359 2352 malo
372 2320 439 2352 cod.
454 2323 544 2352 (corr.
567 2321 629 2360 ΒΨ)
763 2331 821 2360 39ι
850 2320 900 2351 vel
914 2321 1009 2352 istest
1127 2329 1190 2360 395
1205 2320 1284 2359 soti.
1302 2321 1411 2351 carith.
1434 2330 1458 2351 r.
1479 2319 1598 2350 mulier
