1727 2712
696 100 1021 139 BACCHIDES
1455 100 1525 137 IV.
1547 100 1594 137 iv

192 212 280 250 MN.
312 211 409 261 quid
437 225 543 250 nunc
568 225 611 250 es
637 213 839 250 facturus?
876 211 917 250 id
945 211 1041 250 mihi
1060 211 1161 251 dice.
1221 211 1298 251 ΕΗ.
1331 219 1527 251 coctumst

560 319 565 322 ,
1290 277 1497 328 prandium
1511 278 1528 316 ?

189 354 262 380 uos
283 342 365 380 duo
385 341 490 380 eritis
511 349 631 392 atque
649 341 778 380 amica
797 349 865 380 tua
885 341 956 380 erit
976 349 1108 380 tecum
1130 341 1271 381 tertia?

190 408 279 445 MN.
311 406 413 445 sicut
451 406 560 445 dicis.
621 407 698 447 CH.
732 406 948 445 Pistoclero
986 408 1094 445 nulla
1126 407 1255 445 amica
1288 409 1378 446 est?
1435 410 1523 447 MN.

1257 472 1379 511 immo
1399 474 1522 513 adest.

189 538 350 575 alteram
371 537 435 576 ille
454 545 560 576 amat
580 550 764 584 sororem,
788 550 862 587 ego
881 539 1056 585 alteram,
1078 539 1216 576 ambas
1238 538 1468 577 Bacchides.

102 614 172 649 720
190 603 267 642 ΕΗ.
299 602 396 653 quid
435 611 476 641 tu
516 604 706 653 loquere?
763 605 851 642 ΜΝ.
883 604 972 651 hoc,
1009 611 1051 642 ut
1085 604 1203 642 futuri
1237 617 1383 642 sumus.
1443 605 1521 644 ΕΗ.
1545 616 1587 645 80

1193 669 1297 707 ubist
1319 669 1523 707 biclinium

187 733 302 772 uobis
341 735 535 772 stratum?
593 735 680 772 MN.
717 733 815 784 quid
849 733 889 772 id
924 733 1156 784 exquaeris?
1213 735 1291 773 CH.
1328 747 1388 772 res
1421 734 1523 782 itast,

1320 799 1398 838 dici
1418 801 1522 838 uolo.

187 864 315 903 nescis
335 864 431 915 quid
453 878 526 915 ego
541 873 698 903 acturus
715 864 788 903 sim
809 877 940 915 neque
956 864 1107 903 facinus
1125 873 1317 915 quantum
1335 865 1522 904 exordiar.

189 930 277 968 ΜΝ.
310 930 411 968 cedo
432 943 594 968 manum
613 943 660 968 ac
681 943 923 980 supsequere
944 930 1104 980 propius
1127 943 1190 968 me
1211 931 1261 968 ad
1283 931 1395 968 fores.
1423 930 1526 969 intro

1361 1009 1521 1046 inspice.

100 1042 168 1126 {3⁶5²
188 1061 267 1100 CH.
309 1074 418 1108 euax,
450 1060 558 1099 nimi’
590 1061 716 1100 bellus
753 1068 872 1111 atque
910 1068 952 1100 ut
991 1074 1077 1100 esse
1117 1074 1301 1100 maxume
1335 1061 1523 1111 optabam

1399 1127 1519 1165 locus.

186 1192 244 1228 Pl.
277 1203 378 1240 quae
398 1190 650 1241 imperauisti.
702 1190 936 1241 imperatum
953 1191 1056 1230 bene
1076 1190 1192 1230 bonis
1214 1192 1360 1229 factum
1382 1191 1520 1229 ilicost.
1542 1199 1582 1240 85

186 1256 263 1295 CH.
297 1255 393 1305 quid
414 1255 587 1306 parasti?
644 1257 701 1294 Px.
734 1268 836 1305 quae
856 1256 981 1306 parari
1003 1266 1043 1294 tu
1065 1256 1209 1294 iussisti
1236 1260 1241 1303 Ι
1267 1256 1410 1294 omnia.

186 1321 264 1359 CH.
296 1333 394 1370 cape
421 1320 554 1359 stilum
575 1333 741 1372 propere
761 1329 800 1360 et
820 1321 984 1360 tabellas
1008 1329 1050 1361 tu
1071 1323 1141 1360 has
1162 1322 1243 1360 tibi.
1306 1323 1393 1360 ΜΝ.
1426 1322 1522 1372 quid

1357 1396 1494 1437 postea
1507 1390 1524 1426 ?

187 1453 265 1491 CH.
298 1453 408 1502 quod
429 1452 577 1491 iubebo
599 1452 760 1491 scribito
780 1452 878 1491 istic.
938 1466 1030 1491 nam
1052 1461 1259 1504 propterea
1277 1452 1352 1506 (te)
1371 1455 1464 1493 uolo

99 1530 168 1565 730
186 1518 354 1557 scribere
374 1526 417 1557 ut
436 1527 546 1568 pater
565 1526 780 1568 cognoscat
800 1518 945 1557 litteras
966 1520 1129 1569 quando
1149 1521 1261 1569 legat.

186 1583 321 1622 scribe.
383 1585 470 1622 MN.
503 1583 599 1633 quid
623 1583 822 1622 scribam?
879 1585 956 1624 CH.
989 1586 1154 1623 salutern
1182 1593 1250 1623 tuo
1271 1585 1369 1635 patri
1390 1585 1520 1624 uerbis
1539 1598 1582 1627 ρο

1432 1650 1519 1689 tuis.

186 1715 244 1752 P1.
276 1714 372 1764 quid
393 1714 425 1752 si
446 1714 576 1765 potius
598 1715 793 1762 morbum,
818 1724 985 1754 mortem
1008 1715 1180 1754 scribat?
1215 1716 1254 1754 id
1275 1715 1345 1754 erit
1366 1715 1520 1754 rectius.

185 1779 263 1818 CH.
301 1792 351 1817 ne
389 1778 614 1818 interturba.
681 1781 768 1817 ΜΝ.
810 1780 886 1818 iam
928 1780 1162 1830 imperatum
1203 1780 1242 1818 in
1282 1794 1369 1819 cera
1407 1780 1518 1818 inest.

934 1847 1011 1885 CH.
1045 1845 1108 1884 dic
1130 1845 1247 1896 quem
1269 1847 1319 1884 ad
1342 1847 1516 1885 modum.

187 1910 274 1947 ΜΝ.
309 1909 606 1948 ‘Mnesilochus
633 1910 799 1948 salutem
827 1910 923 1949 dicit
950 1924 1022 1949 suo
1050 1911 1173 1961 patri.'
1231 1912 1308 1950 CH.
1340 1911 1520 1950 adscribe

1320 1977 1396 2015 hoc
1417 1977 1518 2016 cito:

98 2043 163 2080 735
187 2042 195 2058 ‘
210 2039 420 2089 Chrysalus
441 2039 537 2077 mihi
558 2052 683 2090 usque
703 2053 860 2091 quaque
881 2041 1054 2092 loquitur
1074 2056 1147 2081 nec
1168 2050 1282 2089 recte,
1306 2050 1426 2092 pater,

184 2104 276 2154 quia
295 2104 366 2143 tibi
385 2118 524 2143 aurum
545 2105 700 2144 reddidi
720 2114 758 2144 et
778 2106 870 2156 quia
890 2120 971 2145 non
992 2116 1030 2146 te
1051 2107 1367 2146 defrudauerim.’
1536 2122 1578 2154 95

229 2210 290 2248 718
312 2210 495 2250 pistoclere
522 2209 589 2242 cod.
618 2210 686 2251 (-ro
712 2210 773 2250 ΒΞ)
912 2223 976 2251 720
998 2213 1147 2252 loqueris
1175 2214 1238 2244 cod.
1388 2223 1450 2253 722
1473 2215 1523 2245 vel

184 2263 248 2283 nec
381 2264 441 2293 724
466 2254 589 2285 bellust
615 2253 763 2285 Ritschl:
789 2255 913 2286 bellum
932 2281 938 2287 .
960 2281 966 2287 .
991 2282 996 2288 .
1016 2257 1125 2287 locum
1152 2257 1368 2288 Studemund
1456 2269 1518 2298 727

183 2301 256 2327 tute
272 2296 321 2327 vel
335 2302 369 2328 tu
385 2307 438 2328 me
457 2297 586 2328 Rz'tsclzl
732 2299 794 2337 728
818 2304 852 2329 tu
871 2300 931 2330 has
948 2300 1076 2331 Merula
1095 2313 1102 2332 z
1127 2306 1201 2331 tuas
1218 2301 1282 2332 cod.
1458 2313 1520 2342 729

181 2340 231 2371 vel
243 2340 299 2370 isti
386 2346 421 2372 te
441 2341 516 2373 add.
539 2341 750 2372 Camerarius
882 2344 945 2382 736
969 2344 1197 2375 sraudauerim
1223 2345 1287 2376 cod.
1318 2345 1390 2385 (sed
1411 2346 1516 2378 desru.

183 2387 191 2401 ‘
204 2384 360 2415 nonnulli
372 2384 446 2415 libri
459 2389 575 2416 veteres
588 2385 595 2397 ’
613 2384 781 2421 Lambini,
795 2386 814 2417 i.
826 2397 849 2418 e.
874 2386 937 2428 75³>
