1727 2712
630 130 980 170 AMPHITRVO
1415 132 1468 169 ΙΙ.
1490 131 1520 167 ii

137 242 220 280 AM.
251 239 319 280 ubi
348 247 390 280 tu
419 240 620 280 cubuisti?
676 243 748 279 AL.
781 240 821 279 in
851 241 994 280 eodem
1024 241 1127 280 lecto
1156 247 1287 280 tecum
1322 255 1401 279 una
1429 241 1468 280 in

1271 306 1466 346 cubiculo.

136 372 219 409 AM.
252 371 466 421 perdidisti.
518 373 581 410 So.
615 371 711 422 quid
732 370 802 410 tibi
823 372 910 410 est?
957 373 1039 409 AM.
1072 372 1170 410 haec
1191 385 1255 410 me
1277 373 1398 410 modo
1418 373 1469 410 ad

1154 444 1321 475 mortem
1343 436 1465 475 dedit.

47 508 117 542 810
136 502 208 539 AL.
241 500 338 551 quid
359 500 448 549 iam,
470 502 614 540 amabo
628 495 657 539 ?¹
690 503 773 540 AM.
806 515 856 539 ne
877 514 940 540 me
960 502 1126 551 appella.
1181 503 1245 540 So.
1278 501 1375 551 quid
1396 500 1466 539 tibi
1490 507 1550 537 180

963 568 1051 605 est?
1106 569 1188 604 AM.
1222 566 1317 616 perii
1339 566 1465 613 miser,

132 630 225 681 quia
244 631 457 681 pudicitiae
477 631 607 670 huiius
628 631 768 669 uitium
790 645 853 669 me
873 631 967 669 hinc
986 639 1150 681 apsente
1171 638 1228 669 est
1248 630 1440 669 additum.

131 697 204 734 AL.
237 710 402 746 opsecro
422 705 583 743 ecastor,
607 710 680 746 qur
700 696 810 743 istuc,
834 695 888 734 mi
909 695 976 742 uir,
1001 710 1047 734 ex
1067 697 1134 734 ted
1154 695 1274 734 audio
1291 697 1307 734 ?

132 763 213 799 AM.
246 761 304 799 uir
324 776 397 812 ego
418 763 496 800 tuo⁷
517 762 620 800 sim?
649 776 700 800 ne
721 776 784 800 me
804 763 969 812 appella,
992 763 1098 808 falsa,
1123 763 1220 799 falso
1241 761 1411 800 nomine.

131 827 196 865 SO.
228 828 361 866 haeret
390 828 488 866 haec
518 841 588 874 res,
620 827 651 865 si
681 827 843 878 quidem
873 828 971 865 haec
1001 826 1078 865 iam
1110 826 1248 865 mulier
1277 828 1379 865 facta
1408 834 1466 866 est

1298 906 1344 930 ex
1365 892 1460 931 uiro.

43 961 108 1006 815
130 959 203 995 AL.
236 957 332 1008 quid
353 972 426 1009 ego
446 958 520 997 feci
541 971 619 1008 qua
638 958 758 996 istaec
778 965 936 1008 propter
957 957 1061 996 dicta
1082 957 1263 996 dicantur
1281 956 1410 995 mihi?
1485 969 1542 1009 135

131 1024 213 1061 AM.
245 1031 327 1062 tute
348 1023 496 1062 edictas
517 1025 619 1062 facta
639 1031 717 1070 tua,
740 1037 787 1061 ex
808 1037 871 1061 me
891 1023 1045 1073 quaeris
1066 1022 1163 1072 quid
1183 1022 1405 1072 deliqueris.

129 1089 202 1126 AL.
234 1088 331 1138 quid
352 1102 424 1139 ego
445 1089 516 1127 tibi
537 1088 697 1138 deliqui,
721 1088 752 1126 si
773 1088 867 1139 quoi
889 1096 1012 1138 nupta
1033 1101 1119 1126 sum
1141 1095 1271 1126 tecum
1294 1087 1378 1126 fui?

128 1154 212 1191 AM.
244 1160 314 1191 tun
335 1167 491 1192 mecum
514 1153 660 1192 fueris?
689 1153 786 1204 quid
806 1153 895 1192 illac
916 1153 1134 1204 inpudente
1154 1152 1374 1192 audacius?

128 1219 278 1265 saltem,
301 1225 384 1257 tute
405 1218 436 1257 si
457 1218 619 1269 pudoris
640 1232 766 1268 egeas,
790 1232 921 1256 sumas
942 1225 1134 1256 mutuom.

39 1289 110 1323 820
128 1285 201 1321 AL.
233 1283 333 1322 istuc
349 1283 500 1322 facinus
521 1285 630 1334 quod
647 1291 688 1322 tu
708 1283 912 1322 insimulas
934 1291 1068 1322 nostro
1083 1283 1215 1334 generi
1235 1296 1317 1322 non
1333 1285 1457 1323 decet.
1484 1303 1543 1336 190

128 1356 169 1387 tu
190 1348 222 1387 si
242 1362 306 1387 me
327 1348 573 1400 inpudicitiai
593 1357 738 1399 captas,
761 1363 901 1399 capere
922 1362 1003 1387 non
1025 1356 1148 1399 potes.

126 1415 208 1452 AM.
240 1427 311 1464 pro
331 1414 372 1453 di
393 1414 631 1463 inmortales,
655 1414 870 1465 cognoscin
892 1422 933 1452 tu
955 1427 1018 1452 me
1039 1415 1189 1460 saltem,
1213 1414 1352 1453 Sosia?

125 1480 189 1518 So.
222 1480 523 1530 propemodum.
582 1482 664 1518 AM.
698 1479 866 1519 cenauin
894 1493 968 1530 ego
988 1479 1070 1518 heri
1096 1479 1134 1517 in
1164 1480 1255 1517 naui
1280 1479 1319 1517 in
1345 1488 1460 1530 portu

1273 1546 1462 1585 Persico?

123 1613 196 1650 AL.
230 1611 327 1650 mihi
353 1625 514 1662 quoque
543 1613 688 1651 adsunt
715 1619 833 1651 testes
864 1611 932 1662 qui
960 1611 1056 1650 illud
1085 1612 1193 1661 quod
1225 1625 1298 1661 ego
1328 1611 1458 1650 dicam

1219 1677 1453 1715 adsentiant.

35 1746 101 1792 825
123 1743 188 1781 So.
220 1743 354 1782 nescio
374 1743 470 1794 quid
490 1743 590 1782 istiic
611 1743 743 1794 negoti
763 1743 905 1789 dicam,
928 1742 1002 1780 nisi
1023 1742 1053 1780 si
1074 1741 1269 1792 quispiam
1291 1750 1348 1781 est
1478 1754 1537 1788 195

122 1808 362 1858 Amphitruo
381 1809 493 1856 alius,
514 1808 582 1858 qui
603 1810 701 1847 forte
722 1810 788 1846 ted
809 1808 902 1846 hinc
922 1807 1075 1857 apsenti
1097 1815 1228 1846 tamen

122 1880 231 1912 tuam
252 1887 332 1912 rem
354 1882 462 1912 curet
483 1882 601 1924 teque
621 1881 785 1924 apsente
806 1873 870 1912 hic
891 1886 1035 1911 munus
1056 1874 1238 1923 fungatur
1258 1880 1380 1912 tuom.

121 1952 213 1977 narn
234 1953 355 1990 quom
377 1941 427 1978 de
448 1940 515 1978 illo
536 1939 739 1978 subditiuo
759 1939 870 1978 Sosia
892 1938 1033 1977 mirum
1055 1938 1198 1984 nimist,

121 2012 226 2044 certe
245 2006 296 2044 de
317 2007 415 2044 istoc
436 2005 727 2056 Amphitruone
748 2005 825 2044 iam
846 2007 1012 2044 alterum
1034 2004 1175 2043 mirum
1197 2012 1254 2042 est
1276 2003 1407 2055 magis.

32 2074 103 2118 830
121 2072 203 2109 AM.
236 2071 459 2121 nescioquis
480 2071 748 2122 praestigiator
767 2073 870 2110 hanc
890 2073 1093 2109 frustratur
1113 2070 1327 2108 mulierem.
1472 2079 1535 2102 200

121 2138 193 2174 AL.
225 2150 293 2187 per
314 2137 485 2187 supremi
507 2136 605 2186 regis
627 2150 789 2187 regnum
810 2136 895 2174 iuro
916 2144 953 2174 et
976 2144 1139 2174 matrem
1161 2135 1326 2173 familias

162 2242 228 2273 808
251 2253 318 2273 una
334 2246 445 2273 tecum
466 2242 676 2272 Lindemann
829 2244 888 2272 811
918 2242 971 2273 hic
997 2241 1064 2274 cod.
1084 2242 1133 2283 (cf
1153 2242 1233 2282 826)
1387 2241 1452 2280 813

120 2284 202 2316 falso
223 2286 289 2325 (-sa
309 2285 375 2321 Οἳ)
395 2286 480 2316 falso
498 2285 564 2316 cod.
679 2286 743 2315 818
760 2290 841 2316 tune
859 2285 923 2316 cod.
1037 2287 1095 2315 821
1125 2295 1249 2324 capere
1267 2295 1334 2315 non
1353 2289 1451 2324 potes

119 2328 270 2359 Muretus
288 2342 293 2360 :
318 2340 384 2360 non
400 2336 497 2369 potes
509 2340 630 2369 capere
644 2329 710 2359 cod.
810 2331 875 2359 826
892 2330 977 2360 alius
989 2329 1195 2368 Amphitruo
1205 2330 1249 2368 (2)
1262 2329 1326 2359 Leo
1395 2329 1450 2359 hic

119 2370 183 2403 cod.
204 2373 258 2412 (cf.
276 2375 354 2405 8113
470 2374 534 2404 828
560 2383 634 2403 nam
651 2383 751 2411 quom
780 2372 939 2402 lVIueller:
974 2383 1117 2411 namque
1143 2372 1208 2403 cod.
1229 2375 1319 2412 (ante
1342 2383 1448 2403 conso-

119 2419 252 2446 nantem
268 2416 521 2457 vr'xfi’rendum)
541 2428 547 2444 :
580 2417 635 2447 vix
651 2426 729 2446 nam
745 2417 802 2455 qui
891 2416 939 2446 vel
954 2417 1078 2446 nimest
