1727 2702
85 123 154 163 IV.
175 125 222 162 iv
599 123 645 161 T.
679 122 859 162 MACCI
892 123 1095 160 PLAVTI

178 235 274 273 Evc.
307 233 382 272 iam
404 233 562 272 scrutari
585 233 709 272 mitto.
769 234 890 272 redde
910 234 998 271 huc.
1058 234 1101 271 L.
1125 233 1161 272 S.
1193 231 1289 283 quid
1313 233 1506 272 reddam?

1083 300 1179 336 Evc.
1211 311 1245 345 a,
1267 311 1390 348 nugas
1410 297 1503 348 agis,

116 379 152 411 ²5
174 371 278 404 certe
309 364 441 403 habes.
503 365 546 401 L.
569 364 605 402 S.
639 363 768 402 habeo
798 365 900 413 ego?
938 362 1034 413 quid
1064 363 1222 402 habeo?
1295 365 1392 402 Evc.
1426 376 1506 402 non

1064 427 1165 474 dico,
1187 427 1322 466 audire
1343 427 1502 478 expetis.

174 494 214 534 id
236 507 380 542 meum,
403 492 597 544 quidquid
618 493 752 540 habes,
771 493 901 531 redde.
963 494 1006 530 L.
1025 493 1061 531 S.
1094 492 1264 531 insanis:
1295 500 1507 544 perscruta-

1381 565 1444 596 tus
1464 570 1506 596 es

175 631 244 663 tuo
263 623 462 670 arbitratu,
484 635 614 673 neque
634 622 690 661 tui
711 635 775 661 me
795 622 1008 672 quicquam
1030 621 1214 661 inuenisti
1235 635 1367 673 penes.

176 690 273 728 Evc.
306 702 435 737 mane,
456 701 582 727 mane.
641 689 729 738 quis
756 687 833 726 illic
860 689 948 726 est?
976 687 1063 738 quis
1085 687 1148 726 hic
1173 689 1276 726 intus
1304 689 1401 726 alter
1424 694 1505 726 erat
1522 693 1590 738 655

1209 762 1340 793 tecum
1361 754 1506 793 simul?

174 822 270 873 perii
292 823 421 860 hercle
438 836 445 859 :
475 820 526 858 ill'
542 833 648 859 nunc
664 819 768 858 intus
789 820 933 867 turbat,
947 820 1053 858 hunc
1073 819 1104 858 si
1120 819 1260 858 amitto
1276 819 1339 859 hic
1354 819 1502 859 abierit.

116 903 156 935 30
175 894 376 937 postremo
405 887 511 924 hunc
539 885 616 924 iam
647 883 899 935 perscrutaui,
923 883 986 923 hic
1016 884 1112 922 nihil
1143 884 1273 922 habet.
1331 884 1396 923 abi
1425 897 1506 934 quo

1384 950 1503 988 lubet.

177 1018 217 1055 L.
242 1017 277 1055 S.
303 1015 480 1067 Iuppiter
495 1022 533 1054 te
549 1014 669 1065 dique
685 1015 861 1065 perdant.
911 1015 1007 1052 Evc.
1031 1015 1108 1052 hau
1127 1015 1227 1052 male
1243 1013 1320 1064 egit
1335 1014 1486 1064 gratias.

174 1081 241 1121 ibo
262 1081 363 1119 intro
383 1089 502 1131 atque
523 1080 576 1118 illi
597 1080 787 1118 socienno
808 1087 877 1117 tuo
898 1079 975 1116 iam
998 1078 1285 1129 interstringam
1305 1080 1448 1129 gulam.

228 1146 335 1198 fugin
353 1146 444 1185 hinc
460 1146 511 1184 ab
525 1145 678 1184 oculis?
706 1144 799 1183 abin
816 1144 907 1183 hinc
923 1146 1088 1183 annon?
1131 1146 1171 1182 L.
1192 1145 1227 1183 S.
1250 1145 1362 1183 abeo.
1407 1146 1503 1183 Evc.
1523 1149 1595 1185 660

1086 1222 1183 1247 caue
1203 1210 1255 1247 sis
1275 1217 1314 1247 te
1334 1208 1503 1248 uideam.

127 1337 158 1363 v
553 1321 870 1358 chomms
917 1320 1131 1357 SEvas

178 1405 219 1443 L.
243 1405 279 1442 S.
313 1404 546 1441 Emortuom
568 1415 641 1452 ego
663 1414 725 1440 me
747 1400 930 1439 mauelim
953 1402 1031 1439 leto
1053 1402 1157 1439 malo

175 1482 294 1520 quarn
316 1481 397 1506 non
417 1480 491 1518 ego
511 1466 564 1505 illi
586 1466 677 1505 dem
699 1466 819 1504 hodie
840 1465 1000 1504 insidias
1021 1466 1115 1504 seni.

177 1547 267 1573 nam
295 1533 300 1585 Ι
325 1533 389 1572 hic
410 1532 487 1571 iarn
509 1544 589 1570 non
609 1530 772 1569 audebit
791 1544 929 1569 aurum
950 1532 1202 1582 apstrudere:

178 1600 297 1638 credo
318 1600 461 1637 ecferet
483 1597 558 1636 iarn
580 1610 714 1635 secum
736 1603 774 1634 et
795 1596 963 1634 mutabit
985 1598 1126 1635 locum.

141 1679 158 1710 5
177 1672 285 1710 attat,
309 1663 390 1701 fori'
411 1662 571 1712 crepuit.
631 1674 749 1700 senex
770 1674 907 1700 eccum
929 1675 1066 1699 aurum
1089 1662 1207 1700 ecfert
1229 1662 1341 1699 foras.
1526 1663 1595 1709 665

179 1729 367 1779 tantisper
388 1729 465 1766 huc
486 1740 560 1777 ego
579 1728 630 1765 ad
652 1727 808 1764 izinuam
831 1740 1074 1765 concessero.

115 1841 161 1878 vi
388 1839 602 1875 Evcmo
713 1838 1032 1874 Lx⁷CON11>1s
1080 1837 1295 1875 SERVVS

183 1922 278 1959 Evc.
313 1919 408 1958 Fide
428 1919 638 1957 censebam
662 1931 883 1956 maxumam
907 1920 1030 1956 multo
1052 1919 1169 1956 fidem

181 1999 277 2032 esse,
300 1998 345 2023 ea
366 1983 536 2022 subleuit
557 1997 601 2021 os
624 1983 717 2021 mihi
741 1983 1013 2033 pacnissumc:

183 2051 221 2089 ni
243 2050 491 2089 subuenisset
515 2062 666 2094 coruos,
691 2048 889 2098 periissem
913 2049 1037 2086 miser.

184 2115 299 2154 nimis
320 2116 449 2153 hercle
469 2127 543 2164 ego
564 2114 672 2152 illum
694 2127 855 2151 coruom
876 2114 927 2151 ad
949 2127 1012 2151 me
1033 2112 1163 2151 ueniat
1185 2112 1302 2150 uelim
1527 2118 1599 2160 670

225 2221 288 2258 657
314 2219 402 2249 hunc
431 2218 492 2248 iam
519 2217 649 2247 Nonius
669 2225 741 2254 3¹7,
762 2217 850 2254 469:
883 2216 945 2245 inm
972 2216 1058 2245 hunc
1083 2215 1147 2246 cod.
1252 2215 1302 2245 hic
1328 2225 1392 2245 om.
1420 2213 1506 2245 codd.

183 2263 449 2301 Nonir'317(469
473 2262 507 2291 in
529 2270 655 2300 perscr.
681 2259 849 2289 desimam
943 2259 1024 2289 nihil
1049 2258 1137 2289 codd.
1159 2256 1281 2288 Nonii:
1320 2258 1412 2288 nihili
1439 2257 1506 2289 cod.

183 2308 248 2346 658
271 2306 338 2344 egit
358 2305 511 2335 Mueller:
537 2305 605 2343 agit
621 2303 685 2334 cod.
707 2314 712 2333 :
738 2303 807 2339 agit
820 2302 918 2344 (hic)
937 2302 1025 2332 Koch
1080 2301 1166 2332 malc'
1183 2302 1251 2340 agit
1268 2300 1507 2340 v111·s1*›·‹·ndum

183 2351 250 2389 659
276 2350 363 2379 intro
387 2348 473 2379 codd.
505 2347 609 2378 Nom‘r'
634 2356 713 2385 172:
748 2346 825 2375 hinc
855 2347 942 2375 intro
964 2345 1029 2375 sod.
1058 2346 1103 2385 (iv
1140 2345 1174 2384 3)
1341 2346 1407 2375 660
1431 2345 1508 2375 hinc

184 2393 324 2423 alterum
339 2391 395 2422 del.
409 2390 554 2431 Pylades,
571 2395 606 2420 u!
622 2401 731 2420 versus
742 2390 938 2429 srptmam'us
946 2389 1014 2426 fia!
1103 2394 1135 2418 te
1154 2387 1202 2427 u.]
1222 2388 1390 2418 renideam
1408 2387 1510 2418 Bothe

184 2438 250 2479 663
268 2437 337 2474 hic}
352 2436 417 2466 illic
430 2434 517 2466 Bach
608 2435 673 2464 666
690 2434 753 2463 hnc
769 2433 972 2463 Lambinus:
1000 2433 1052 2464 hic
1064 2432 1128 2463 cod.
1219 2433 1284 2463 668
1301 2432 1423 2464 subluit
1440 2432 1507 2466 cod.
