1727 2712
679 99 1004 139 BACCHIDES
1441 101 1510 138 1V.
1532 101 1579 137 iv

177 211 265 249 MN.
308 211 508 260 Chrysale,
549 209 689 249 occidi.
763 211 840 250 ΕΗ.
883 209 1056 249 fortassis
1095 217 1137 249 tu
1177 209 1261 249 auri
1303 210 1508 261 dempsisti

1340 289 1478 326 parum
1492 277 1509 314 Ρ

177 341 264 379 ΜΝ.
296 353 427 390 quarn,
450 331 610 389 malum,
632 340 800 392 parurn?
826 340 949 379 immo
979 354 1073 380 uero
1094 340 1217 380 nimio
1239 340 1362 379 minu’
1382 343 1507 379 multo

1215 419 1333 456 quam
1355 420 1503 456 parum.

228 472 306 510 CH.
338 470 434 521 quid
460 470 575 521 igitur
600 473 728 517 stulte,
751 470 940 520 quoniam
961 471 1120 509 occasio
1140 472 1190 510 ad
1212 485 1299 509 eam
1321 485 1402 510 rem
1424 471 1495 510 fuit

173 549 262 575 mea
281 535 424 575 uirtute
444 545 554 587 parta
573 544 616 575 ut
636 543 829 586 quantum
851 537 973 575 uelles
994 544 1148 574 tantum
1169 549 1355 583 sumeres,

84 606 151 651 675
171 601 228 640 sic
248 602 324 640 hoc
345 600 517 650 digitulis
538 602 695 640 duobus
717 601 901 639 sumebas
922 601 1188 651 primoribus?
1527 621 1565 653 35

170 680 221 704 an
242 665 422 704 nescibas
443 680 563 716 quam
585 666 667 705 eius
688 666 799 705 modi
820 666 972 705 homini
994 680 1078 705 raro
1099 674 1256 718 tempus
1277 681 1319 706 se
1339 669 1479 707 daret?

171 733 259 769 MN.
292 745 405 770 erraS.
465 732 543 771 ΕΗ.
575 738 615 770 at
643 731 806 782 quidem
837 734 920 770 tute
950 732 1095 779 errasti,
1118 746 1240 783 quom
1271 746 1408 783 parum
1437 733 1505 771 im-

1157 798 1290 836 mersti
1310 798 1500 849 ampliter.

170 863 258 900 MN.
290 863 356 913 pol
386 870 427 901 tu
457 876 576 913 quarn
607 876 713 901 nunc
744 864 835 901 med
864 876 1026 902 accuses
1054 863 1178 913 magi’‚
1215 863 1247 902 si
1281 864 1394 915 magi'
1422 878 1502 903 rern

1332 930 1500 969 noueris.

167 992 306 1031 occidi.
367 995 444 1031 CH.
476 992 631 1030 animus
652 992 730 1030 iam
751 992 850 1031 istoc
871 993 978 1031 dicto
999 995 1086 1043 plus
1107 993 1346 1044 praesagitur
1366 995 1468 1033 mali.

79 1064 148 1099 680
168 1059 255 1096 MN.
292 1057 400 1108 perii.
460 1059 538 1097 CH.
579 1057 677 1108 quid
716 1057 797 1097 ita?
854 1060 943 1096 MN.
985 1058 1077 1109 quia
1115 1059 1213 1110 patri
1253 1073 1372 1098 omne
1410 1074 1501 1098 cum
1523 1077 1563 1106 40

1132 1132 1311 1163 ramento
1331 1125 1498 1164 reddidi.

167 1189 245 1227 CH.
277 1188 513 1227 reddidisti?
562 1191 649 1227 MN.
683 1189 847 1228 reddidi.
909 1191 986 1229 CH.
1019 1192 1220 1228 omnene?
1273 1192 1360 1228 MN.
1393 1190 1501 1241 oppi-

975 1256 1039 1294 do.
1099 1256 1176 1294 CH.
1210 1255 1330 1294 occisi
1350 1269 1496 1294 sumus.

165 1320 234 1368 qu1'
253 1318 292 1356 in
314 1327 488 1357 mentem
509 1319 617 1358 uenit
639 1319 709 1358 tibi
731 1320 830 1358 istuc
851 1319 1002 1358 facinus
1022 1321 1149 1358 facere
1170 1328 1249 1358 tam
1271 1322 1448 1359 malum?

166 1385 252 1421 ΜΝ.
300 1383 543 1423 Bacchidem
577 1392 696 1434 atque
730 1385 836 1422 hunc
875 1384 1102 1435 suspicabar
1139 1392 1299 1435 propter
1336 1385 1496 1433 crimen,

1295 1451 1494 1500 Chrysale,

162 1513 213 1551 mi
231 1515 333 1553 male
348 1515 593 1554 consuluisse
610 1530 617 1553 :
648 1514 701 1553 ob
717 1528 804 1553 eam
820 1528 901 1553 rem
919 1528 1038 1554 omne
1050 1528 1188 1553 aurum
1205 1514 1324 1553 iratus
1341 1516 1495 1555 reddidi
1552 1553 1556 1555 ,

72 1585 138 1630 685
161 1593 251 1618 meo
272 1579 381 1631 patri.
442 1581 519 1620 Cn.
553 1579 661 1630 quid,
685 1580 752 1618 ubi
774 1581 968 1619 reddebas
988 1594 1139 1627 aurum,
1162 1580 1292 1619 dixisti
1313 1581 1442 1631 patri?
1513 1600 1552 1630 45

162 1647 249 1683 ΜΝ.
282 1645 345 1684 me
372 1645 413 1685 id
439 1659 577 1684 aurum
607 1645 808 1695 accepisse
829 1647 1026 1696 extemplo
1052 1646 1103 1685 ab
1131 1646 1287 1696 hospite
1307 1647 1495 1686 Archide-

1130 1711 1246 1750 mide.
1307 1712 1385 1752 ΕΗ.
1418 1726 1492 1760 em,

160 1775 258 1815 istoc
279 1776 387 1815 dicto
408 1777 608 1818 †dedisti†
631 1777 752 1816 hodie
773 1777 812 1815 in
834 1776 1049 1816 cruciatum
1072 1778 1305 1827 Chrysalum
1321 1792 1331 1826 3

159 1855 250 1880 nam
272 1842 339 1880 ubi
361 1856 424 1881 me
443 1842 617 1893 aspiciet,
640 1845 691 1882 ad
712 1845 951 1882 carnuficem
972 1842 1096 1893 rapiet
1117 1842 1308 1881 continuo
1328 1856 1457 1882 senex.

160 1908 247 1945 MN.
280 1921 353 1958 ego
379 1915 531 1958 patrem
557 1908 725 1948 exoraui.
787 1910 864 1949 ΕΗ.
898 1921 1041 1958 nempe
1062 1921 1154 1958 ergo
1181 1909 1258 1947 hoc
1278 1916 1321 1946 ut
1347 1910 1491 1947 faceret

1192 1975 1301 2024 quod
1322 1976 1491 2024 loquor?

69 2038 140 2081 690
159 2039 246 2077 ΜΝ.
278 2038 401 2079 immo
421 2039 492 2078 tibi
513 2054 563 2079 ne
583 2049 725 2080 noceat
745 2055 822 2080 neu
843 2042 939 2092 quid
960 2042 1013 2081 ob
1033 2056 1121 2081 eam
1142 2055 1224 2080 rem
1245 2047 1472 2078 suscenseat
1480 2055 1489 2087 ;
1510 2058 1548 2090 50

157 2111 275 2153 atque
290 2118 403 2154 aegre
418 2104 636 2155 impetraui.
679 2120 784 2145 nunc
800 2108 877 2146 hoc
893 2107 963 2146 tibi
981 2109 1248 2153 curandumst‚
1266 2107 1464 2155 Chrysale.

201 2210 261 2247 671
283 2213 357 2249 post
370 2211 435 2249 672
451 2210 612 2251 P(pr1·ns
627 2221 691 2241 om.
704 2213 1030 2251 propterlzomoeotel.
1051 2224 1168 2254 parum
1190 2225 1196 2252 ;
1222 2215 1253 2245 ii.
1274 2215 1311 2254 6)
1427 2215 1492 2253 672

159 2251 266 2290 Quam
284 2253 422 2284 Fritsche
434 2254 483 2294 (A
503 2265 534 2284 n.
550 2254 588 2289 I.)
605 2266 610 2284 z
636 2265 702 2293 qua
719 2255 814 2295 (quia
830 2255 922 2296 PCD)
940 2256 1004 2288 cod.
1096 2259 1194 2289 nimis
1207 2258 1335 2288 Rz'tsclzl
1344 2257 1393 2298 (A
1408 2268 1438 2288 n.
1451 2258 1490 2297 l.)

157 2305 256 2334 quam
269 2307 334 2328 om.
348 2297 382 2327 P
480 2298 544 2336 678
568 2298 618 2328 vel
631 2308 729 2337 mage
828 2301 892 2338 684
910 2301 954 2330 mi
973 2300 1161 2331 Lambinus
1178 2314 1184 2332 :
1210 2312 1264 2332 me
1286 2301 1319 2332 P
1334 2302 1381 2342 (A
1401 2313 1432 2333 n.
1452 2302 1490 2341 l.)

158 2338 210 2387 (cf.
227 2339 277 2387 fzd
289 2341 368 2379 565)
516 2342 581 2371 686
605 2341 655 2371 vel
672 2342 749 2372 hem
893 2344 956 2383 687
981 2343 1062 2387 (tu)
1080 2345 1155 2376 ded.
1176 2345 1369 2377 Fleckeisen:
1396 2345 1489 2376 dedi-

157 2382 234 2412 disti
267 2382 392 2414 Ritschl
402 2394 410 2422 ;
423 2384 508 2425 fort.
526 2385 675 2416 dedistin
