<?xml version="1.0" encoding="UTF-8"?>
<!DOCTYPE html PUBLIC "-//W3C//DTD XHTML 1.0 Transitional//EN"
    "http://www.w3.org/TR/xhtml1/DTD/xhtml1-transitional.dtd">
<html xmlns="http://www.w3.org/1999/xhtml" xml:lang="en" lang="en">
 <head>
  <title>
</title>
<meta http-equiv="Content-Type" content="text/html;charset=utf-8" />
  <meta name='ocr-system' content='tesseract 3.04.00' />
  <meta name='ocr-capabilities' content='ocr_page ocr_carea ocr_par ocr_line ocrx_word'/>
</head>
<body>
  <div class='ocr_page' id='page_1' title='image "./comoediaerecogno01plauuoft_0192.png"; bbox 0 0 1727 2702; ppageno 0'>
   <div class='ocr_carea' id='block_1_1' title="bbox 97 134 1113 175">
    <p class='ocr_par' dir='ltr' id='par_1_1' title="bbox 97 134 1113 175">
     <span class='ocr_line' id='line_1_1' title="bbox 97 134 1113 175; baseline 0.001 -3"><span class='ocrx_word' id='word_1_1' title='bbox 97 134 210 172; x_wconf 75' lang='lat' dir='ltr'><strong>111.i</strong></span> <span class='ocrx_word' id='word_1_2' title='bbox 617 135 664 174; x_wconf 91' lang='lat' dir='ltr'><strong>T.</strong></span> <span class='ocrx_word' id='word_1_3' title='bbox 697 135 878 175; x_wconf 93' lang='lat' dir='ltr'>MACCI</span> <span class='ocrx_word' id='word_1_4' title='bbox 910 136 1113 174; x_wconf 91' lang='lat' dir='ltr'>PLAVTI</span> 
     </span>
    </p>
   </div>
   <div class='ocr_carea' id='block_1_2' title="bbox 126 250 1616 886">
    <p class='ocr_par' dir='ltr' id='par_1_2' title="bbox 126 250 1616 886">
     <span class='ocr_line' id='line_1_2' title="bbox 194 250 1614 301; baseline 0 -12"><span class='ocrx_word' id='word_1_5' title='bbox 194 262 319 300; x_wconf 85' lang='lat' dir='ltr'><strong>egone</strong></span> <span class='ocrx_word' id='word_1_6' title='bbox 335 257 376 288; x_wconf 90' lang='lat' dir='ltr'><strong>ut</strong></span> <span class='ocrx_word' id='word_1_7' title='bbox 393 250 490 288; x_wconf 91' lang='lat' dir='ltr'><strong>haec</strong></span> <span class='ocrx_word' id='word_1_8' title='bbox 507 250 695 288; x_wconf 87' lang='lat' dir='ltr'><strong>conclusa</strong></span> <span class='ocrx_word' id='word_1_9' title='bbox 707 256 857 299; x_wconf 87' lang='lat' dir='ltr'>gestem</span> <span class='ocrx_word' id='word_1_10' title='bbox 872 250 1127 289; x_wconf 86' lang='lat' dir='ltr'><strong>clanculum?</strong></span> <span class='ocrx_word' id='word_1_11' title='bbox 1155 256 1197 288; x_wconf 90' lang='lat' dir='ltr'><strong>ut</strong></span> <span class='ocrx_word' id='word_1_12' title='bbox 1217 250 1342 288; x_wconf 87' lang='lat' dir='ltr'><strong>celem</strong></span> <span class='ocrx_word' id='word_1_13' title='bbox 1363 257 1526 301; x_wconf 88' lang='lat' dir='ltr'><strong>patrem,</strong></span> <span class='ocrx_word' id='word_1_14' title='bbox 1549 261 1614 300; x_wconf 77' lang='lat'><strong>375</strong></span> 
     </span>
     <span class='ocr_line' id='line_1_3' title="bbox 195 313 1570 373; baseline 0 -20"><span class='ocrx_word' id='word_1_15' title='bbox 195 314 416 360; x_wconf 84' lang='lat' dir='ltr'><strong>Pistoclere,</strong></span> <span class='ocrx_word' id='word_1_16' title='bbox 440 323 506 353; x_wconf 89' lang='lat' dir='ltr'><strong>tua</strong></span> <span class='ocrx_word' id='word_1_17' title='bbox 526 313 670 364; x_wconf 87' lang='lat' dir='ltr'><strong>flagitia</strong></span> <span class='ocrx_word' id='word_1_18' title='bbox 689 322 756 352; x_wconf 90' lang='lat' dir='ltr'><strong>aut</strong></span> <span class='ocrx_word' id='word_1_19' title='bbox 776 315 923 354; x_wconf 89' lang='lat' dir='ltr'><strong>damna</strong></span> <span class='ocrx_word' id='word_1_20' title='bbox 942 322 1009 353; x_wconf 89' lang='lat' dir='ltr'><strong>aut</strong></span> <span class='ocrx_word' id='word_1_21' title='bbox 1029 314 1305 353; x_wconf 85' lang='lat' dir='ltr'><strong>desidiabula?</strong></span> <span class='ocrx_word' id='word_1_22' title='bbox 1564 361 1570 373; x_wconf 43' lang='lat'><strong>¹</strong></span> 
     </span>
     <span class='ocr_line' id='line_1_4' title="bbox 133 375 1572 490; baseline 0.001 -74"><span class='ocrx_word' id='word_1_23' title='bbox 133 392 172 417; x_wconf 83' lang='lat'><strong>10</strong></span> <span class='ocrx_word' id='word_1_24' title='bbox 193 377 345 432; x_wconf 89' lang='lat' dir='ltr'><strong>[quibu&#39;</strong></span> <span class='ocrx_word' id='word_1_25' title='bbox 366 388 514 430; x_wconf 87' lang='lat' dir='ltr'><strong>patrem</strong></span> <span class='ocrx_word' id='word_1_26' title='bbox 537 387 575 417; x_wconf 79' lang='lat' dir='ltr'><strong>et</strong></span> <span class='ocrx_word' id='word_1_27' title='bbox 596 392 660 418; x_wconf 87' lang='lat' dir='ltr'><strong>me</strong></span> <span class='ocrx_word' id='word_1_28' title='bbox 681 386 798 429; x_wconf 87' lang='lat' dir='ltr'><strong>teque</strong></span> <span class='ocrx_word' id='word_1_29' title='bbox 817 379 1047 430; x_wconf 84' lang='lat' dir='ltr'><strong>amicosque</strong></span> <span class='ocrx_word' id='word_1_30' title='bbox 1067 379 1197 418; x_wconf 85' lang='lat' dir='ltr'><strong>omnis</strong></span> <span class='ocrx_word' id='word_1_31' title='bbox 1217 381 1391 418; x_wconf 88' lang='lat' dir='ltr'><strong>adfectas</strong></span> <span class='ocrx_word' id='word_1_32' title='bbox 1412 387 1501 419; x_wconf 91' lang='lat' dir='ltr'><strong>tuos</strong></span> <span class='ocrx_word' id='word_1_33' title='bbox 1527 401 1532 408; x_wconf 92' lang='lat'><em>·</em></span> <span class='ocrx_word' id='word_1_34' title='bbox 1546 375 1572 490; x_wconf 56' lang='lat' dir='ltr'><em>V</em></span> 
     </span>
     <span class='ocr_line' id='line_1_5' title="bbox 126 414 1543 500; baseline 0.001 -17"><span class='ocrx_word' id='word_1_35' title='bbox 126 434 127 437; x_wconf 11' lang='grc' dir='ltr'><strong>Ἴ</strong></span> <span class='ocrx_word' id='word_1_36' title='bbox 190 447 241 484; x_wconf 92' lang='lat' dir='ltr'><strong>ad</strong></span> <span class='ocrx_word' id='word_1_37' title='bbox 264 445 461 496; x_wconf 87' lang='lat' dir='ltr'><strong>probrum,</strong></span> <span class='ocrx_word' id='word_1_38' title='bbox 485 446 691 492; x_wconf 85' lang='lat' dir='ltr'><strong>damnum,</strong></span> <span class='ocrx_word' id='word_1_39' title='bbox 712 444 900 495; x_wconf 85' lang='lat' dir='ltr'><strong>flagitium</strong></span> <span class='ocrx_word' id='word_1_40' title='bbox 922 446 1119 495; x_wconf 85' lang='lat' dir='ltr'><strong>appellere</strong></span> <span class='ocrx_word' id='word_1_41' title='bbox 1140 458 1217 483; x_wconf 90' lang='lat' dir='ltr'><strong>una</strong></span> <span class='ocrx_word' id='word_1_42' title='bbox 1237 452 1276 483; x_wconf 91' lang='lat' dir='ltr'><strong>et</strong></span> <span class='ocrx_word' id='word_1_43' title='bbox 1297 443 1490 498; x_wconf 73' lang='lat' dir='ltr'><strong>perdere]</strong></span> <span class='ocrx_word' id='word_1_44' title='bbox 1527 414 1543 500; x_wconf 62' lang='lat' dir='ltr'><strong>il</strong></span> 
     </span>
     <span class='ocr_line' id='line_1_6' title="bbox 191 509 1452 560; baseline 0 -12"><span class='ocrx_word' id='word_1_45' title='bbox 191 523 320 560; x_wconf 89' lang='lat' dir='ltr'><strong>neque</strong></span> <span class='ocrx_word' id='word_1_46' title='bbox 342 509 419 548; x_wconf 91' lang='lat' dir='ltr'><strong>mei</strong></span> <span class='ocrx_word' id='word_1_47' title='bbox 440 523 569 560; x_wconf 87' lang='lat' dir='ltr'><strong>neque</strong></span> <span class='ocrx_word' id='word_1_48' title='bbox 590 517 628 549; x_wconf 94' lang='lat' dir='ltr'><strong>te</strong></span> <span class='ocrx_word' id='word_1_49' title='bbox 650 509 706 548; x_wconf 91' lang='lat' dir='ltr'><strong>tui</strong></span> <span class='ocrx_word' id='word_1_50' title='bbox 726 509 830 548; x_wconf 92' lang='lat' dir='ltr'><strong>intus</strong></span> <span class='ocrx_word' id='word_1_51' title='bbox 852 510 1072 560; x_wconf 88' lang='lat' dir='ltr'><strong>puditumst</strong></span> <span class='ocrx_word' id='word_1_52' title='bbox 1093 509 1204 548; x_wconf 90' lang='lat' dir='ltr'><strong>factis</strong></span> <span class='ocrx_word' id='word_1_53' title='bbox 1225 523 1326 560; x_wconf 90' lang='lat' dir='ltr'><strong>quae</strong></span> <span class='ocrx_word' id='word_1_54' title='bbox 1346 510 1452 557; x_wconf 85' lang='lat' dir='ltr'><strong>facis,</strong></span> 
     </span>
     <span class='ocr_line' id='line_1_7' title="bbox 190 574 1616 626; baseline -0.001 -13"><span class='ocrx_word' id='word_1_55' title='bbox 190 575 326 626; x_wconf 88' lang='lat' dir='ltr'><strong>quibu&#39;</strong></span> <span class='ocrx_word' id='word_1_56' title='bbox 347 583 456 614; x_wconf 89' lang='lat' dir='ltr'><strong>tuom</strong></span> <span class='ocrx_word' id='word_1_57' title='bbox 479 583 628 626; x_wconf 92' lang='lat' dir='ltr'><strong>patrem</strong></span> <span class='ocrx_word' id='word_1_58' title='bbox 652 589 794 626; x_wconf 90' lang='lat' dir='ltr'><strong>meque</strong></span> <span class='ocrx_word' id='word_1_59' title='bbox 815 589 904 621; x_wconf 87' lang='lat' dir='ltr'><strong>una,</strong></span> <span class='ocrx_word' id='word_1_60' title='bbox 927 574 1087 622; x_wconf 89' lang='lat' dir='ltr'><strong>amicos,</strong></span> <span class='ocrx_word' id='word_1_61' title='bbox 1110 574 1252 614; x_wconf 87' lang='lat' dir='ltr'><strong>adfinis</strong></span> <span class='ocrx_word' id='word_1_62' title='bbox 1273 582 1362 614; x_wconf 93' lang='lat' dir='ltr'><strong>tuos</strong></span> <span class='ocrx_word' id='word_1_63' title='bbox 1548 577 1616 622; x_wconf 87' lang='lat'><strong>380</strong></span> 
     </span>
     <span class='ocr_line' id='line_1_8' title="bbox 191 639 1015 691; baseline -0.001 -13"><span class='ocrx_word' id='word_1_64' title='bbox 191 647 257 678; x_wconf 93' lang='lat' dir='ltr'><strong>tua</strong></span> <span class='ocrx_word' id='word_1_65' title='bbox 278 640 437 679; x_wconf 89' lang='lat' dir='ltr'><strong>infa&#39;mia</strong></span> <span class='ocrx_word' id='word_1_66' title='bbox 458 640 581 679; x_wconf 88' lang='lat' dir='ltr'><strong>fecisti</strong></span> <span class='ocrx_word' id='word_1_67' title='bbox 601 640 865 691; x_wconf 87' lang='lat' dir='ltr'><strong>gerulifigulos</strong></span> <span class='ocrx_word' id='word_1_68' title='bbox 886 639 1015 690; x_wconf 88' lang='lat' dir='ltr'><strong>flagiti.</strong></span> 
     </span>
     <span class='ocr_line' id='line_1_9' title="bbox 135 703 1526 756; baseline 0 -14"><span class='ocrx_word' id='word_1_69' title='bbox 135 720 170 751; x_wconf 86' lang='lat'><strong>15</strong></span> <span class='ocrx_word' id='word_1_70' title='bbox 192 718 298 743; x_wconf 90' lang='lat' dir='ltr'><strong>nunc</strong></span> <span class='ocrx_word' id='word_1_71' title='bbox 316 705 410 755; x_wconf 88' lang='lat' dir='ltr'><strong>priu’</strong></span> <span class='ocrx_word' id='word_1_72' title='bbox 425 719 543 756; x_wconf 88' lang='lat' dir='ltr'><strong>quam</strong></span> <span class='ocrx_word' id='word_1_73' title='bbox 559 706 705 744; x_wconf 85' lang='lat' dir='ltr'><strong>malum</strong></span> <span class='ocrx_word' id='word_1_74' title='bbox 720 704 818 744; x_wconf 89' lang='lat' dir='ltr'><strong>istoc</strong></span> <span class='ocrx_word' id='word_1_75' title='bbox 834 705 959 751; x_wconf 92' lang='lat' dir='ltr'><strong>addis,</strong></span> <span class='ocrx_word' id='word_1_76' title='bbox 976 711 1163 743; x_wconf 86' lang='lat' dir='ltr'><strong>certumst</strong></span> <span class='ocrx_word' id='word_1_77' title='bbox 1180 704 1256 742; x_wconf 88' lang='lat' dir='ltr'><strong>iam</strong></span> <span class='ocrx_word' id='word_1_78' title='bbox 1273 703 1402 743; x_wconf 89' lang='lat' dir='ltr'><strong>dicam</strong></span> <span class='ocrx_word' id='word_1_79' title='bbox 1418 704 1526 754; x_wconf 89' lang='lat' dir='ltr'><strong>patri,</strong></span> 
     </span>
     <span class='ocr_line' id='line_1_10' title="bbox 191 768 1454 820; baseline -0.001 -12"><span class='ocrx_word' id='word_1_80' title='bbox 191 771 242 808; x_wconf 89' lang='lat' dir='ltr'><strong>de</strong></span> <span class='ocrx_word' id='word_1_81' title='bbox 264 783 326 808; x_wconf 92' lang='lat' dir='ltr'><strong>me</strong></span> <span class='ocrx_word' id='word_1_82' title='bbox 347 771 448 809; x_wconf 87' lang='lat' dir='ltr'><strong>hanc</strong></span> <span class='ocrx_word' id='word_1_83' title='bbox 469 772 626 820; x_wconf 91' lang='lat' dir='ltr'><strong>culpam</strong></span> <span class='ocrx_word' id='word_1_84' title='bbox 647 770 871 809; x_wconf 90' lang='lat' dir='ltr'><strong>demolibor</strong></span> <span class='ocrx_word' id='word_1_85' title='bbox 891 769 968 808; x_wconf 86' lang='lat' dir='ltr'><strong>iarn</strong></span> <span class='ocrx_word' id='word_1_86' title='bbox 990 777 1027 808; x_wconf 93' lang='lat' dir='ltr'><strong>et</strong></span> <span class='ocrx_word' id='word_1_87' title='bbox 1048 769 1131 807; x_wconf 91' lang='lat' dir='ltr'><strong>seni</strong></span> <span class='ocrx_word' id='word_1_88' title='bbox 1153 768 1454 819; x_wconf 66' lang='lat' dir='ltr'><strong>faciampalam‚</strong></span> 
     </span>
     <span class='ocr_line' id='line_1_11' title="bbox 192 833 1422 886; baseline -0.001 -13"><span class='ocrx_word' id='word_1_89' title='bbox 192 835 246 874; x_wconf 91' lang='lat' dir='ltr'><strong>uti</strong></span> <span class='ocrx_word' id='word_1_90' title='bbox 268 848 358 874; x_wconf 89' lang='lat' dir='ltr'><strong>eum</strong></span> <span class='ocrx_word' id='word_1_91' title='bbox 380 835 425 874; x_wconf 76' lang='lat' dir='ltr'><strong>ex</strong></span> <span class='ocrx_word' id='word_1_92' title='bbox 446 837 640 874; x_wconf 89' lang='lat' dir='ltr'><strong>lutulento</strong></span> <span class='ocrx_word' id='word_1_93' title='bbox 660 849 785 874; x_wconf 90' lang='lat' dir='ltr'><strong>caeno</strong></span> <span class='ocrx_word' id='word_1_94' title='bbox 806 848 970 886; x_wconf 89' lang='lat' dir='ltr'><strong>propere</strong></span> <span class='ocrx_word' id='word_1_95' title='bbox 991 834 1083 873; x_wconf 91' lang='lat' dir='ltr'><strong>hinc</strong></span> <span class='ocrx_word' id='word_1_96' title='bbox 1103 833 1232 873; x_wconf 90' lang='lat' dir='ltr'><strong>eliciat</strong></span> <span class='ocrx_word' id='word_1_97' title='bbox 1252 835 1422 873; x_wconf 87' lang='lat' dir='ltr'><strong>foras.—</strong></span> 
     </span>
    </p>
   </div>
   <div class='ocr_carea' id='block_1_3' title="bbox 144 943 1064 984">
    <p class='ocr_par' dir='ltr' id='par_1_3' title="bbox 144 943 1064 984">
     <span class='ocr_line' id='line_1_12' title="bbox 144 943 1064 984; baseline -0.002 0"><span class='ocrx_word' id='word_1_98' title='bbox 144 943 172 979; x_wconf 87' lang='lat' dir='ltr'><strong>ii</strong></span> <span class='ocrx_word' id='word_1_99' title='bbox 652 948 1064 984; x_wconf 74' lang='lat' dir='ltr'><strong>MNEsiLOCHvs</strong></span> 
     </span>
    </p>
   </div>
   <div class='ocr_carea' id='block_1_4' title="bbox 133 1028 1613 1995">
    <p class='ocr_par' dir='ltr' id='par_1_4' title="bbox 133 1028 1613 1995">
     <span class='ocr_line' id='line_1_13' title="bbox 193 1028 1611 1079; baseline 0.001 -13"><span class='ocrx_word' id='word_1_100' title='bbox 193 1029 280 1066; x_wconf 79' lang='grc' dir='ltr'><strong>ΜΝ.</strong></span> <span class='ocrx_word' id='word_1_101' title='bbox 316 1028 565 1068; x_wconf 82' lang='lat' dir='ltr'><strong>Multimodis</strong></span> <span class='ocrx_word' id='word_1_102' title='bbox 593 1028 805 1067; x_wconf 88' lang='lat' dir='ltr'><strong>meditatus</strong></span> <span class='ocrx_word' id='word_1_103' title='bbox 825 1035 981 1078; x_wconf 89' lang='lat' dir='ltr'><strong>egomet</strong></span> <span class='ocrx_word' id='word_1_104' title='bbox 1002 1040 1158 1066; x_wconf 89' lang='lat' dir='ltr'><strong>mecum</strong></span> <span class='ocrx_word' id='word_1_105' title='bbox 1189 1041 1288 1075; x_wconf 88' lang='lat' dir='ltr'><strong>sum,</strong></span> <span class='ocrx_word' id='word_1_106' title='bbox 1311 1035 1348 1067; x_wconf 92' lang='lat' dir='ltr'><strong>et</strong></span> <span class='ocrx_word' id='word_1_107' title='bbox 1369 1028 1422 1066; x_wconf 90' lang='lat' dir='ltr'><strong>ita</strong></span> <span class='ocrx_word' id='word_1_108' title='bbox 1441 1041 1528 1068; x_wconf 91' lang='lat' dir='ltr'><strong>esse</strong></span> <span class='ocrx_word' id='word_1_109' title='bbox 1546 1034 1611 1079; x_wconf 87' lang='lat'><strong>385</strong></span> 
     </span>
     <span class='ocr_line' id='line_1_14' title="bbox 1339 1093 1526 1131; baseline 0 0"><span class='ocrx_word' id='word_1_110' title='bbox 1339 1093 1526 1131; x_wconf 83' lang='lat' dir='ltr'><strong>arbitror:</strong></span> 
     </span>
     <span class='ocr_line' id='line_1_15' title="bbox 188 1158 1361 1209; baseline 0 -13"><span class='ocrx_word' id='word_1_111' title='bbox 188 1158 338 1196; x_wconf 90' lang='lat' dir='ltr'><strong>homini</strong></span> <span class='ocrx_word' id='word_1_112' title='bbox 359 1158 500 1206; x_wconf 90' lang='lat' dir='ltr'><strong>amico,</strong></span> <span class='ocrx_word' id='word_1_113' title='bbox 523 1159 589 1209; x_wconf 88' lang='lat' dir='ltr'><strong>qui</strong></span> <span class='ocrx_word' id='word_1_114' title='bbox 611 1166 668 1197; x_wconf 92' lang='lat' dir='ltr'><strong>est</strong></span> <span class='ocrx_word' id='word_1_115' title='bbox 688 1159 839 1197; x_wconf 85' lang='lat' dir='ltr'><strong>amicus</strong></span> <span class='ocrx_word' id='word_1_116' title='bbox 859 1158 912 1197; x_wconf 90' lang='lat' dir='ltr'><strong>ita</strong></span> <span class='ocrx_word' id='word_1_117' title='bbox 931 1158 985 1196; x_wconf 87' lang='lat' dir='ltr'><strong>uti</strong></span> <span class='ocrx_word' id='word_1_118' title='bbox 1009 1171 1154 1196; x_wconf 91' lang='lat' dir='ltr'><strong>nomen</strong></span> <span class='ocrx_word' id='word_1_119' title='bbox 1177 1159 1361 1209; x_wconf 75' lang='lat' dir='ltr'><strong>possidet,</strong></span> 
     </span>
     <span class='ocr_line' id='line_1_16' title="bbox 188 1223 1455 1274; baseline -0.001 -12"><span class='ocrx_word' id='word_1_120' title='bbox 188 1223 259 1262; x_wconf 91' lang='lat' dir='ltr'><strong>nisi</strong></span> <span class='ocrx_word' id='word_1_121' title='bbox 282 1225 378 1262; x_wconf 89' lang='lat' dir='ltr'><strong>deos</strong></span> <span class='ocrx_word' id='word_1_122' title='bbox 398 1224 432 1262; x_wconf 94' lang='lat' dir='ltr'><strong>ei</strong></span> <span class='ocrx_word' id='word_1_123' title='bbox 455 1224 507 1262; x_wconf 91' lang='lat' dir='ltr'><strong>nil</strong></span> <span class='ocrx_word' id='word_1_124' title='bbox 530 1232 723 1274; x_wconf 89' lang='lat' dir='ltr'><strong>praestare</strong></span> <span class='ocrx_word' id='word_1_125' title='bbox 740 1239 749 1271; x_wconf 65' lang='grc' dir='ltr'><strong><em>ς</em></strong></span> <span class='ocrx_word' id='word_1_126' title='bbox 778 1224 817 1263; x_wconf 90' lang='lat' dir='ltr'><strong>id</strong></span> <span class='ocrx_word' id='word_1_127' title='bbox 838 1237 958 1274; x_wconf 91' lang='lat' dir='ltr'><strong>opera</strong></span> <span class='ocrx_word' id='word_1_128' title='bbox 977 1232 1158 1274; x_wconf 88' lang='lat' dir='ltr'><strong>expertus</strong></span> <span class='ocrx_word' id='word_1_129' title='bbox 1180 1236 1266 1262; x_wconf 89' lang='lat' dir='ltr'><strong>sum</strong></span> <span class='ocrx_word' id='word_1_130' title='bbox 1288 1237 1373 1262; x_wconf 85' lang='lat' dir='ltr'><strong>esse</strong></span> <span class='ocrx_word' id='word_1_131' title='bbox 1394 1223 1455 1262; x_wconf 89' lang='lat' dir='ltr'><strong>ita.</strong></span> 
     </span>
     <span class='ocr_line' id='line_1_17' title="bbox 187 1288 1526 1339; baseline 0 -12"><span class='ocrx_word' id='word_1_132' title='bbox 187 1290 278 1327; x_wconf 79' lang='lat' dir='ltr'><strong>nam</strong></span> <span class='ocrx_word' id='word_1_133' title='bbox 310 1296 350 1327; x_wconf 89' lang='lat' dir='ltr'><strong>ut</strong></span> <span class='ocrx_word' id='word_1_134' title='bbox 381 1288 419 1327; x_wconf 92' lang='lat' dir='ltr'><strong>in</strong></span> <span class='ocrx_word' id='word_1_135' title='bbox 453 1289 655 1339; x_wconf 87' lang='lat' dir='ltr'><strong>Ephesum</strong></span> <span class='ocrx_word' id='word_1_136' title='bbox 680 1289 772 1327; x_wconf 92' lang='lat' dir='ltr'><strong>hinc</strong></span> <span class='ocrx_word' id='word_1_137' title='bbox 799 1288 877 1327; x_wconf 88' lang='lat' dir='ltr'><strong>abii</strong></span> <span class='ocrx_word' id='word_1_138' title='bbox 899 1289 993 1339; x_wconf 92' lang='lat' dir='ltr'><strong>(hoc</strong></span> <span class='ocrx_word' id='word_1_139' title='bbox 1021 1289 1204 1327; x_wconf 90' lang='lat' dir='ltr'><strong>factumst</strong></span> <span class='ocrx_word' id='word_1_140' title='bbox 1232 1289 1353 1327; x_wconf 90' lang='lat' dir='ltr'><strong>ferme</strong></span> <span class='ocrx_word' id='word_1_141' title='bbox 1379 1289 1526 1327; x_wconf 85' lang='lat' dir='ltr'><strong>abhinc</strong></span> 
     </span>
     <span class='ocr_line' id='line_1_18' title="bbox 1302 1354 1525 1405; baseline 0.004 -13"><span class='ocrx_word' id='word_1_142' title='bbox 1302 1354 1525 1405; x_wconf 86' lang='lat' dir='ltr'><strong>biennium)</strong></span> 
     </span>
     <span class='ocr_line' id='line_1_19' title="bbox 146 1419 1385 1470; baseline 0.002 -13"><span class='ocrx_word' id='word_1_143' title='bbox 146 1435 163 1466; x_wconf 88' lang='lat'>5</span> <span class='ocrx_word' id='word_1_144' title='bbox 187 1433 232 1457; x_wconf 83' lang='lat' dir='ltr'><strong>ex</strong></span> <span class='ocrx_word' id='word_1_145' title='bbox 256 1421 415 1470; x_wconf 88' lang='lat' dir='ltr'><strong>Epheso</strong></span> <span class='ocrx_word' id='word_1_146' title='bbox 437 1421 514 1458; x_wconf 92' lang='lat' dir='ltr'><strong>huc</strong></span> <span class='ocrx_word' id='word_1_147' title='bbox 534 1421 584 1458; x_wconf 93' lang='lat' dir='ltr'><strong>ad</strong></span> <span class='ocrx_word' id='word_1_148' title='bbox 608 1419 865 1458; x_wconf 85' lang='lat' dir='ltr'><strong>Pistoclerum</strong></span> <span class='ocrx_word' id='word_1_149' title='bbox 887 1433 1018 1459; x_wconf 90' lang='lat' dir='ltr'><strong>meum</strong></span> <span class='ocrx_word' id='word_1_150' title='bbox 1041 1422 1218 1460; x_wconf 87' lang='lat' dir='ltr'><strong>sodalem</strong></span> <span class='ocrx_word' id='word_1_151' title='bbox 1239 1420 1385 1459; x_wconf 89' lang='lat' dir='ltr'><strong>litteras</strong></span> 
     </span>
     <span class='ocr_line' id='line_1_20' title="bbox 188 1485 1613 1537; baseline 0.001 -13"><span class='ocrx_word' id='word_1_152' title='bbox 188 1486 284 1532; x_wconf 89' lang='lat' dir='ltr'><strong>misi,</strong></span> <span class='ocrx_word' id='word_1_153' title='bbox 307 1486 475 1524; x_wconf 86' lang='lat' dir='ltr'><strong>amicam</strong></span> <span class='ocrx_word' id='word_1_154' title='bbox 498 1494 537 1523; x_wconf 91' lang='lat' dir='ltr'><strong>ut</strong></span> <span class='ocrx_word' id='word_1_155' title='bbox 560 1485 610 1523; x_wconf 87' lang='lat' dir='ltr'><strong>mi</strong></span> <span class='ocrx_word' id='word_1_156' title='bbox 634 1485 825 1524; x_wconf 90' lang='lat' dir='ltr'><strong>inueniret</strong></span> <span class='ocrx_word' id='word_1_157' title='bbox 848 1486 1099 1524; x_wconf 72' lang='lat' dir='ltr'><strong>Bacchidem.</strong></span> <span class='ocrx_word' id='word_1_158' title='bbox 1140 1486 1268 1524; x_wconf 74' lang='lat' dir='ltr'><strong>(illum</strong></span> <span class='ocrx_word' id='word_1_159' title='bbox 1291 1486 1476 1537; x_wconf 83' lang='lat' dir='ltr'><strong>intellego</strong></span> <span class='ocrx_word' id='word_1_160' title='bbox 1543 1497 1613 1533; x_wconf 90' lang='lat'><strong>390</strong></span> 
     </span>
     <span class='ocr_line' id='line_1_21' title="bbox 187 1550 1273 1601; baseline 0.002 -13"><span class='ocrx_word' id='word_1_161' title='bbox 187 1550 394 1596; x_wconf 89' lang='lat' dir='ltr'><strong>inuenisse,</strong></span> <span class='ocrx_word' id='word_1_162' title='bbox 419 1559 458 1588; x_wconf 90' lang='lat' dir='ltr'><strong>ut</strong></span> <span class='ocrx_word' id='word_1_163' title='bbox 481 1563 614 1589; x_wconf 89' lang='lat' dir='ltr'><strong>seruos</strong></span> <span class='ocrx_word' id='word_1_164' title='bbox 636 1552 737 1588; x_wconf 90' lang='lat' dir='ltr'><strong>meu’</strong></span> <span class='ocrx_word' id='word_1_165' title='bbox 759 1550 811 1588; x_wconf 90' lang='lat' dir='ltr'><strong>mi</strong></span> <span class='ocrx_word' id='word_1_166' title='bbox 833 1551 1027 1589; x_wconf 90' lang='lat' dir='ltr'><strong>nuntiauit</strong></span> <span class='ocrx_word' id='word_1_167' title='bbox 1050 1553 1273 1601; x_wconf 89' lang='lat' dir='ltr'><strong>Chrysalus.</strong></span> 
     </span>
     <span class='ocr_line' id='line_1_22' title="bbox 186 1615 1525 1665; baseline 0.001 -12"><span class='ocrx_word' id='word_1_168' title='bbox 186 1616 383 1665; x_wconf 87' lang='lat' dir='ltr'><strong>condigne</strong></span> <span class='ocrx_word' id='word_1_169' title='bbox 411 1616 441 1653; x_wconf 89' lang='lat' dir='ltr'><strong>is</strong></span> <span class='ocrx_word' id='word_1_170' title='bbox 465 1628 583 1665; x_wconf 86' lang='lat' dir='ltr'><strong>quam</strong></span> <span class='ocrx_word' id='word_1_171' title='bbox 615 1615 812 1654; x_wconf 88' lang='lat' dir='ltr'><strong>techinam</strong></span> <span class='ocrx_word' id='word_1_172' title='bbox 840 1617 890 1655; x_wconf 93' lang='lat' dir='ltr'><strong>de</strong></span> <span class='ocrx_word' id='word_1_173' title='bbox 917 1629 1012 1655; x_wconf 90' lang='lat' dir='ltr'><strong>auro</strong></span> <span class='ocrx_word' id='word_1_174' title='bbox 1038 1618 1251 1655; x_wconf 91' lang='lat' dir='ltr'><strong>aduorsum</strong></span> <span class='ocrx_word' id='word_1_175' title='bbox 1280 1630 1412 1656; x_wconf 86' lang='lat' dir='ltr'><strong>meum</strong></span> <span class='ocrx_word' id='word_1_176' title='bbox 1434 1617 1525 1655; x_wconf 92' lang='lat' dir='ltr'><strong>fecit</strong></span> 
     </span>
     <span class='ocr_line' id='line_1_23' title="bbox 1361 1691 1522 1734; baseline 0 -13"><span class='ocrx_word' id='word_1_177' title='bbox 1361 1691 1522 1734; x_wconf 87' lang='lat' dir='ltr'><strong>patrem,</strong></span> 
     </span>
     <span class='ocr_line' id='line_1_24' title="bbox 188 1747 1420 1802; baseline 0.002 -17"><span class='ocrx_word' id='word_1_178' title='bbox 188 1755 229 1785; x_wconf 93' lang='lat' dir='ltr'><strong>ut</strong></span> <span class='ocrx_word' id='word_1_179' title='bbox 253 1747 302 1785; x_wconf 93' lang='lat' dir='ltr'><strong>mi</strong></span> <span class='ocrx_word' id='word_1_180' title='bbox 324 1747 469 1786; x_wconf 90' lang='lat' dir='ltr'><strong>amanti</strong></span> <span class='ocrx_word' id='word_1_181' title='bbox 492 1748 605 1798; x_wconf 87' lang='lat' dir='ltr'><strong>copia</strong></span> <span class='ocrx_word' id='word_1_182' title='bbox 626 1756 737 1788; x_wconf 89' lang='lat' dir='ltr'><strong>esset.</strong></span> <span class='ocrx_word' id='word_1_183' title='bbox 799 1747 885 1802; x_wconf 87' lang='lat' dir='ltr'><strong>[sed</strong></span> <span class='ocrx_word' id='word_1_184' title='bbox 907 1763 1044 1789; x_wconf 92' lang='lat' dir='ltr'><strong>eccum</strong></span> <span class='ocrx_word' id='word_1_185' title='bbox 1067 1750 1185 1789; x_wconf 90' lang='lat' dir='ltr'><strong>uideo</strong></span> <span class='ocrx_word' id='word_1_186' title='bbox 1207 1747 1420 1800; x_wconf 74' lang='lat' dir='ltr'><strong>incedere]</strong></span> 
     </span>
     <span class='ocr_line' id='line_1_25' title="bbox 133 1813 1522 1865; baseline 0.001 -15"><span class='ocrx_word' id='word_1_187' title='bbox 133 1828 168 1850; x_wconf 86' lang='lat'><strong>10</strong></span> <span class='ocrx_word' id='word_1_188' title='bbox 187 1826 276 1850; x_wconf 89' lang='lat' dir='ltr'><strong>nam</strong></span> <span class='ocrx_word' id='word_1_189' title='bbox 293 1814 356 1863; x_wconf 87' lang='lat' dir='ltr'><strong>pol</strong></span> <span class='ocrx_word' id='word_1_190' title='bbox 371 1813 532 1863; x_wconf 87' lang='lat' dir='ltr'><strong>quidem</strong></span> <span class='ocrx_word' id='word_1_191' title='bbox 553 1827 640 1851; x_wconf 87' lang='lat' dir='ltr'><strong>meo</strong></span> <span class='ocrx_word' id='word_1_192' title='bbox 657 1814 790 1853; x_wconf 88' lang='lat' dir='ltr'><strong>animo</strong></span> <span class='ocrx_word' id='word_1_193' title='bbox 809 1815 959 1865; x_wconf 88' lang='lat' dir='ltr'><strong>ingrato</strong></span> <span class='ocrx_word' id='word_1_194' title='bbox 976 1816 1137 1853; x_wconf 79' lang='lat' dir='ltr'><strong>homine</strong></span> <span class='ocrx_word' id='word_1_195' title='bbox 1154 1815 1249 1853; x_wconf 90' lang='lat' dir='ltr'><strong>nihil</strong></span> <span class='ocrx_word' id='word_1_196' title='bbox 1265 1814 1522 1865; x_wconf 86' lang='lat' dir='ltr'><strong>impensiust;</strong></span> 
     </span>
     <span class='ocr_line' id='line_1_26' title="bbox 187 1879 1606 1930; baseline 0.001 -15"><span class='ocrx_word' id='word_1_197' title='bbox 187 1880 476 1916; x_wconf 81' lang='lat' dir='ltr'><strong>malefactorem</strong></span> <span class='ocrx_word' id='word_1_198' title='bbox 498 1879 621 1917; x_wconf 87' lang='lat' dir='ltr'><strong>amitti</strong></span> <span class='ocrx_word' id='word_1_199' title='bbox 645 1880 764 1918; x_wconf 89' lang='lat' dir='ltr'><strong>satius</strong></span> <span class='ocrx_word' id='word_1_200' title='bbox 786 1894 904 1930; x_wconf 85' lang='lat' dir='ltr'><strong>quarn</strong></span> <span class='ocrx_word' id='word_1_201' title='bbox 928 1880 1093 1930; x_wconf 83' lang='lat' dir='ltr'><strong>relinqui</strong></span> <span class='ocrx_word' id='word_1_202' title='bbox 1115 1881 1337 1918; x_wconf 86' lang='lat' dir='ltr'><strong>beneficum</strong></span> <span class='ocrx_word' id='word_1_203' title='bbox 1357 1895 1382 1926; x_wconf 68' lang='grc' dir='ltr'><strong>;Α</strong></span> <span class='ocrx_word' id='word_1_204' title='bbox 1403 1902 1434 1909; x_wconf 45' lang='lat'><strong>„-</strong></span> <span class='ocrx_word' id='word_1_205' title='bbox 1540 1888 1606 1923; x_wconf 88' lang='grc'><strong>395</strong></span> 
     </span>
     <span class='ocr_line' id='line_1_27' title="bbox 187 1943 1393 1995; baseline 0.002 -15"><span class='ocrx_word' id='word_1_206' title='bbox 187 1943 308 1980; x_wconf 89' lang='lat' dir='ltr'><strong>nimio</strong></span> <span class='ocrx_word' id='word_1_207' title='bbox 331 1943 619 1993; x_wconf 88' lang='lat' dir='ltr'><strong>impendiosum</strong></span> <span class='ocrx_word' id='word_1_208' title='bbox 644 1953 811 1995; x_wconf 82' lang='lat' dir='ltr'><strong>praestat</strong></span> <span class='ocrx_word' id='word_1_209' title='bbox 834 1953 871 1983; x_wconf 92' lang='lat' dir='ltr'><strong>te</strong></span> <span class='ocrx_word' id='word_1_210' title='bbox 893 1957 1011 1995; x_wconf 85' lang='lat' dir='ltr'><strong>quam</strong></span> <span class='ocrx_word' id='word_1_211' title='bbox 1034 1945 1226 1994; x_wconf 83' lang='lat' dir='ltr'><strong>ingratum</strong></span> <span class='ocrx_word' id='word_1_212' title='bbox 1249 1945 1393 1995; x_wconf 83' lang='lat' dir='ltr'><strong>dicier:</strong></span> 
     </span>
    </p>
   </div>
   <div class='ocr_carea' id='block_1_5' title="bbox 185 2047 1521 2426">
    <p class='ocr_par' dir='ltr' id='par_1_5' title="bbox 185 2047 1521 2261">
     <span class='ocr_line' id='line_1_28' title="bbox 230 2047 1518 2089; baseline 0.002 -12"><span class='ocrx_word' id='word_1_213' title='bbox 230 2049 293 2086; x_wconf 84' lang='lat'><strong>376</strong></span> <span class='ocrx_word' id='word_1_214' title='bbox 316 2047 538 2087; x_wconf 77' lang='lat' dir='ltr'><strong>dispoliabula</strong></span> <span class='ocrx_word' id='word_1_215' title='bbox 563 2048 650 2079; x_wconf 77' lang='lat' dir='ltr'><strong>codd.</strong></span> <span class='ocrx_word' id='word_1_216' title='bbox 679 2048 782 2079; x_wconf 73' lang='grc' dir='ltr'><em>Νυιιίί</em></span> <span class='ocrx_word' id='word_1_217' title='bbox 806 2059 844 2088; x_wconf 85' lang='lat'><strong>75</strong></span> <span class='ocrx_word' id='word_1_218' title='bbox 991 2050 1098 2088; x_wconf 58' lang='lat'><strong>377&gt;8</strong></span> <span class='ocrx_word' id='word_1_219' title='bbox 1123 2048 1338 2089; x_wconf 72' lang='lat' dir='ltr'><strong>dt&#39;llogmpln&#39;a</strong></span> <span class='ocrx_word' id='word_1_220' title='bbox 1364 2059 1518 2079; x_wconf 77' lang='lat' dir='ltr'><strong>vcrsumn</strong></span> 
     </span>
     <span class='ocr_line' id='line_1_29' title="bbox 185 2091 1521 2131; baseline 0.001 -11"><span class='ocrx_word' id='word_1_221' title='bbox 185 2101 248 2129; x_wconf 84' lang='lat'><strong>379</strong></span> <span class='ocrx_word' id='word_1_222' title='bbox 271 2092 307 2121; x_wconf 82' lang='lat'><strong>81</strong></span> <span class='ocrx_word' id='word_1_223' title='bbox 330 2102 393 2121; x_wconf 56' lang='lat' dir='ltr'><strong>esse</strong></span> <span class='ocrx_word' id='word_1_224' title='bbox 409 2091 560 2121; x_wconf 71' lang='lat' dir='ltr'><strong>videntur</strong></span> <span class='ocrx_word' id='word_1_225' title='bbox 696 2102 756 2131; x_wconf 83' lang='lat'><strong>377</strong></span> <span class='ocrx_word' id='word_1_226' title='bbox 785 2093 859 2122; x_wconf 80' lang='lat' dir='ltr'><strong>med</strong></span> <span class='ocrx_word' id='word_1_227' title='bbox 879 2103 985 2131; x_wconf 83' lang='lat' dir='ltr'><strong>aeque</strong></span> <span class='ocrx_word' id='word_1_228' title='bbox 1007 2094 1045 2122; x_wconf 63' lang='lat' dir='ltr'><strong>w,</strong></span> <span class='ocrx_word' id='word_1_229' title='bbox 1065 2093 1130 2123; x_wconf 75' lang='lat' dir='ltr'><strong>Leo</strong></span> <span class='ocrx_word' id='word_1_230' title='bbox 1226 2092 1363 2122; x_wconf 76' lang='lat' dir='ltr'><strong>affectas</strong></span> <span class='ocrx_word' id='word_1_231' title='bbox 1387 2096 1521 2122; x_wconf 74' lang='lat' dir='ltr'><strong>testatur</strong></span> 
     </span>
     <span class='ocr_line' id='line_1_30' title="bbox 185 2133 1519 2176; baseline 0.002 -14"><span class='ocrx_word' id='word_1_232' title='bbox 185 2133 313 2163; x_wconf 77' lang='lat' dir='ltr'><strong>lvom&#39;ns</strong></span> <span class='ocrx_word' id='word_1_233' title='bbox 332 2147 338 2165; x_wconf 91' lang='lat'>:</span> <span class='ocrx_word' id='word_1_234' title='bbox 364 2135 515 2166; x_wconf 80' lang='lat' dir='ltr'><strong>adflictas</strong></span> <span class='ocrx_word' id='word_1_235' title='bbox 532 2135 596 2167; x_wconf 78' lang='lat' dir='ltr'><strong>cod.</strong></span> <span class='ocrx_word' id='word_1_236' title='bbox 736 2137 799 2173; x_wconf 86' lang='lat'><strong>382</strong></span> <span class='ocrx_word' id='word_1_237' title='bbox 823 2135 1079 2176; x_wconf 76' lang='lat' dir='ltr'><strong>dittograplu&#39;am</strong></span> <span class='ocrx_word' id='word_1_238' title='bbox 1097 2146 1162 2166; x_wconf 77' lang='lat' dir='ltr'><strong>esse</strong></span> <span class='ocrx_word' id='word_1_239' title='bbox 1183 2146 1211 2166; x_wconf 81' lang='lat' dir='ltr'><strong>v.</strong></span> <span class='ocrx_word' id='word_1_240' title='bbox 1234 2137 1298 2173; x_wconf 82' lang='lat'><strong>383</strong></span> <span class='ocrx_word' id='word_1_241' title='bbox 1315 2135 1397 2165; x_wconf 74' lang='lat' dir='ltr'><strong>dixi!</strong></span> <span class='ocrx_word' id='word_1_242' title='bbox 1413 2135 1519 2174; x_wconf 60' lang='lat' dir='ltr'><strong>Bergk</strong></span> 
     </span>
     <span class='ocr_line' id='line_1_31' title="bbox 185 2178 1515 2218; baseline 0.001 -11"><span class='ocrx_word' id='word_1_243' title='bbox 185 2178 245 2215; x_wconf 81' lang='lat'><strong>384</strong></span> <span class='ocrx_word' id='word_1_244' title='bbox 273 2183 307 2207; x_wconf 86' lang='lat' dir='ltr'><strong>ut</strong></span> <span class='ocrx_word' id='word_1_245' title='bbox 325 2178 389 2209; x_wconf 83' lang='lat' dir='ltr'><em>cod.</em></span> <span class='ocrx_word' id='word_1_246' title='bbox 466 2181 558 2209; x_wconf 67' lang='lat' dir='ltr'><strong>eum*</strong></span> <span class='ocrx_word' id='word_1_247' title='bbox 579 2184 716 2217; x_wconf 83' lang='lat' dir='ltr'><strong>gnatum</strong></span> <span class='ocrx_word' id='word_1_248' title='bbox 735 2179 859 2209; x_wconf 76' lang='lat' dir='ltr'><strong>Rn&#39;tschl</strong></span> <span class='ocrx_word' id='word_1_249' title='bbox 955 2181 1020 2218; x_wconf 85' lang='lat'><strong>385</strong></span> <span class='ocrx_word' id='word_1_250' title='bbox 1046 2179 1158 2210; x_wconf 84' lang='lat' dir='ltr'><strong>multis</strong></span> <span class='ocrx_word' id='word_1_251' title='bbox 1175 2179 1282 2209; x_wconf 85' lang='lat' dir='ltr'><strong>modis</strong></span> <span class='ocrx_word' id='word_1_252' title='bbox 1298 2178 1363 2209; x_wconf 81' lang='lat' dir='ltr'><strong>cod.</strong></span> <span class='ocrx_word' id='word_1_253' title='bbox 1452 2180 1515 2217; x_wconf 86' lang='lat'><strong>387</strong></span> 
     </span>
     <span class='ocr_line' id='line_1_32' title="bbox 186 2221 1515 2261; baseline 0.001 -11"><span class='ocrx_word' id='word_1_254' title='bbox 186 2222 229 2251; x_wconf 82' lang='lat' dir='ltr'><strong>ita</strong></span> <span class='ocrx_word' id='word_1_255' title='bbox 247 2232 322 2251; x_wconf 75' lang='lat' dir='ltr'><strong>csse</strong></span> <span class='ocrx_word' id='word_1_256' title='bbox 342 2221 372 2251; x_wconf 87' lang='grc' dir='ltr'><em>Β</em></span> <span class='ocrx_word' id='word_1_257' title='bbox 469 2224 533 2261; x_wconf 83' lang='grc'><strong>389</strong></span> <span class='ocrx_word' id='word_1_258' title='bbox 557 2223 704 2252; x_wconf 77' lang='lat' dir='ltr'><strong>sodalem</strong></span> <span class='ocrx_word' id='word_1_259' title='bbox 728 2233 837 2252; x_wconf 82' lang='lat' dir='ltr'><strong>mcum</strong></span> <span class='ocrx_word' id='word_1_260' title='bbox 855 2222 920 2253; x_wconf 79' lang='lat' dir='ltr'><strong>cod.</strong></span> <span class='ocrx_word' id='word_1_261' title='bbox 940 2235 945 2252; x_wconf 75' lang='grc' dir='ltr'>ε</span> <span class='ocrx_word' id='word_1_262' title='bbox 964 2223 1034 2253; x_wconf 77' lang='lat' dir='ltr'><strong>trm&#39;.</strong></span> <span class='ocrx_word' id='word_1_263' title='bbox 1057 2222 1269 2252; x_wconf 78' lang='lat' dir='ltr'><strong>Camerarius</strong></span> <span class='ocrx_word' id='word_1_264' title='bbox 1366 2227 1431 2260; x_wconf 82' lang='lat'><strong>393</strong></span> <span class='ocrx_word' id='word_1_265' title='bbox 1456 2223 1515 2252; x_wconf 81' lang='lat' dir='ltr'><strong>sed</strong></span> 
     </span>
    </p>

    <p class='ocr_par' dir='ltr' id='par_1_6' title="bbox 185 2264 1517 2426">
     <span class='ocr_line' id='line_1_33' title="bbox 221 2264 1517 2305; baseline 0 -11"><span class='ocrx_word' id='word_1_266' title='bbox 221 2287 228 2294; x_wconf 91' lang='lat'><strong>.</strong></span> <span class='ocrx_word' id='word_1_267' title='bbox 253 2289 259 2294; x_wconf 94' lang='lat'>.</span> <span class='ocrx_word' id='word_1_268' title='bbox 289 2266 445 2295; x_wconf 55' lang='lat' dir='ltr'><strong>incr-dere</strong></span> <span class='ocrx_word' id='word_1_269' title='bbox 472 2266 537 2296; x_wconf 75' lang='lat' dir='ltr'><strong>secl.</strong></span> <span class='ocrx_word' id='word_1_270' title='bbox 570 2265 644 2297; x_wconf 77' lang='lat' dir='ltr'><strong>Leo.</strong></span> <span class='ocrx_word' id='word_1_271' title='bbox 671 2269 706 2294; x_wconf 83' lang='lat' dir='ltr'><strong>u!</strong></span> <span class='ocrx_word' id='word_1_272' title='bbox 735 2268 889 2305; x_wconf 73' lang='lat' dir='ltr'><strong>‘signum</strong></span> <span class='ocrx_word' id='word_1_273' title='bbox 913 2267 1028 2295; x_wconf 66' lang='lat' dir='ltr'><strong>caturci</strong></span> <span class='ocrx_word' id='word_1_274' title='bbox 1049 2266 1126 2296; x_wconf 81' lang='lat' dir='ltr'><strong>olim</strong></span> <span class='ocrx_word' id='word_1_275' title='bbox 1151 2264 1192 2295; x_wconf 84' lang='lat' dir='ltr'><strong>ab</strong></span> <span class='ocrx_word' id='word_1_276' title='bbox 1215 2266 1325 2304; x_wconf 81' lang='lat' dir='ltr'><strong>aliquo</strong></span> <span class='ocrx_word' id='word_1_277' title='bbox 1341 2266 1374 2295; x_wconf 71' lang='lat' dir='ltr'><strong>in</strong></span> <span class='ocrx_word' id='word_1_278' title='bbox 1391 2266 1517 2295; x_wconf 71' lang='lat' dir='ltr'><strong>brem‘ns</strong></span> 
     </span>
     <span class='ocr_line' id='line_1_34' title="bbox 185 2308 1514 2348; baseline 0.002 -13"><span class='ocrx_word' id='word_1_279' title='bbox 185 2308 356 2339; x_wconf 57' lang='lat' dir='ltr'><strong>contram)</strong></span> <span class='ocrx_word' id='word_1_280' title='bbox 448 2309 549 2338; x_wconf 57' lang='lat' dir='ltr'><strong>(findo</strong></span> <span class='ocrx_word' id='word_1_281' title='bbox 564 2320 609 2339; x_wconf 72' lang='lat' dir='ltr'><strong>vv.</strong></span> <span class='ocrx_word' id='word_1_282' title='bbox 631 2319 704 2347; x_wconf 80' lang='lat'>39²·</span> <span class='ocrx_word' id='word_1_283' title='bbox 726 2320 789 2347; x_wconf 64' lang='lat'><strong>393</strong></span> <span class='ocrx_word' id='word_1_284' title='bbox 807 2309 983 2338; x_wconf 72' lang='lat' dir='ltr'><strong>dt‘orslwtm&#39;</strong></span> <span class='ocrx_word' id='word_1_285' title='bbox 999 2320 1063 2338; x_wconf 64' lang='lat' dir='ltr'><strong>esse</strong></span> <span class='ocrx_word' id='word_1_286' title='bbox 1199 2319 1260 2348; x_wconf 72' lang='lat'><strong>394</strong></span> <span class='ocrx_word' id='word_1_287' title='bbox 1288 2319 1361 2339; x_wconf 77' lang='lat' dir='ltr'><strong>meo</strong></span> <span class='ocrx_word' id='word_1_288' title='bbox 1379 2309 1514 2348; x_wconf 69' lang='lat' dir='ltr'><strong>quidem</strong></span> 
     </span>
     <span class='ocr_line' id='line_1_35' title="bbox 187 2351 1513 2392; baseline 0.001 -11"><span class='ocrx_word' id='word_1_289' title='bbox 187 2351 286 2380; x_wconf 61' lang='lat' dir='ltr'><strong>Bothe</strong></span> <span class='ocrx_word' id='word_1_290' title='bbox 375 2363 437 2391; x_wconf 80' lang='lat'><strong>395</strong></span> <span class='ocrx_word' id='word_1_291' title='bbox 464 2354 512 2382; x_wconf 66' lang='grc' dir='ltr'><strong>υτ]</strong></span> <span class='ocrx_word' id='word_1_292' title='bbox 526 2353 645 2382; x_wconf 83' lang='lat' dir='ltr'><strong>satiust</strong></span> <span class='ocrx_word' id='word_1_293' title='bbox 732 2353 930 2382; x_wconf 72' lang='lat' dir='ltr'><strong>beneficium</strong></span> <span class='ocrx_word' id='word_1_294' title='bbox 950 2352 1014 2382; x_wconf 77' lang='lat' dir='ltr'><strong>cod.</strong></span> <span class='ocrx_word' id='word_1_295' title='bbox 1106 2353 1171 2392; x_wconf 83' lang='lat'><strong>396</strong></span> <span class='ocrx_word' id='word_1_296' title='bbox 1195 2357 1321 2392; x_wconf 84' lang='lat' dir='ltr'><strong>prestat</strong></span> <span class='ocrx_word' id='word_1_297' title='bbox 1341 2353 1513 2392; x_wconf 86' lang='lat' dir='ltr'><strong>inpendio-</strong></span> 
     </span>
     <span class='ocr_line' id='line_1_36' title="bbox 185 2395 662 2426; baseline 0.002 -1"><span class='ocrx_word' id='word_1_298' title='bbox 185 2404 257 2426; x_wconf 82' lang='lat' dir='ltr'><strong>sum</strong></span> <span class='ocrx_word' id='word_1_299' title='bbox 275 2395 339 2425; x_wconf 81' lang='lat' dir='ltr'><strong>cod.</strong></span> <span class='ocrx_word' id='word_1_300' title='bbox 359 2408 364 2425; x_wconf 74' lang='grc' dir='ltr'>ε</span> <span class='ocrx_word' id='word_1_301' title='bbox 389 2396 461 2426; x_wconf 74' lang='lat' dir='ltr'><strong>emi.</strong></span> <span class='ocrx_word' id='word_1_302' title='bbox 483 2395 662 2426; x_wconf 81' lang='lat' dir='ltr'><strong>Hermann</strong></span> 
     </span>
    </p>
   </div>
  </div>
 </body>
</html>
