1727 2702
178 141 207 178 Ῑ.

147 391 206 424 275

147 778 208 810 280

147 1169 207 1210 ²85

148 1569 210 1600 290

145 2023 206 2055 295

229 141 242 178 i
642 139 688 177 T.
723 138 902 178 MACCI
935 138 1137 176 PLAVTI

229 263 320 289 nam
341 251 450 301 quod
471 257 626 301 egomet
647 251 754 288 solus
775 248 859 295 feci,
884 261 956 287 nec
976 247 1184 298 quisquam
1205 250 1303 287 alius
1323 248 1459 295 adfuit,
1573 254 1640 294 423

229 316 267 354 in
290 317 525 362 tabernaclo,
549 315 587 354 id
609 314 770 365 quidem
792 313 912 353 hodie
932 326 1149 364 numquam
1171 314 1310 364 poterit
1331 313 1471 353 dicere.

229 381 258 420 si
282 389 322 420 tu
344 381 455 420 Sosia
475 394 530 424 eS‚
550 379 723 431 legiones
744 393 865 430 quom
888 379 1116 428 pugnabant
1137 392 1332 427 maxume,

229 446 324 497 quid
347 446 384 484 in
408 447 634 484 tabernaclo
655 444 812 483 fecisti?
842 444 970 482 uictus
990 457 1077 482 sum
1099 443 1130 482 si
1151 443 1303 482 dixeris.

231 513 313 550 ΜΕ.
346 512 467 550 cadus
487 518 568 549 erat
589 509 681 556 uini,
706 509 798 548 inde
819 508 980 559 impleui
1001 509 1188 546 hirneam.
1248 510 1312 548 So.
1345 508 1555 558 ingressust

1437 573 1552 611 uiam.

231 643 314 680 ΜΕ.
346 654 432 680 eam
455 653 538 690 ego,
558 643 598 678 ut
621 647 742 677 matre
763 640 886 677 fuerat
907 646 1054 687 natum,
1078 638 1159 676 uini
1181 638 1296 677 eduxi
1319 638 1423 676 meri.
1575 650 1645 686 430

229 708 293 745 So.
326 707 509 744 factumst
530 705 640 752 illud,
662 712 703 743 ut
724 717 797 754 ego
817 703 896 742 illic
916 703 998 741 uini
1019 703 1195 742 hirneam
1217 703 1406 742 ebiberim
1430 703 1535 742 meri.

229 771 324 809 mira
345 778 435 808 sunt
455 769 528 808 nisi
550 769 661 807 latuit
683 769 787 807 intus
808 767 885 807 illic
906 769 944 806 in
966 768 1054 806 illac
1075 768 1219 807 hirnea.

230 838 312 875 ME.
345 835 441 886 quid
463 836 598 873 nunc?
654 833 799 873 uincon
820 833 1059 884 argumentis
1080 841 1118 872 te
1139 847 1218 872 non
1240 847 1325 873 esse
1346 834 1496 873 Sosiam
1514 836 1531 872 ?

228 903 292 940 So.
327 908 367 939 tu
389 913 508 950 negas
529 900 620 938 med
642 901 758 938 esse?
816 900 898 936 ΜΕ.
931 897 1027 948 quid
1048 911 1122 948 ego
1145 898 1185 936 ni
1206 912 1357 950 negem,
1381 899 1447 949 qui
1469 912 1557 949 ego-

1331 973 1409 1003 met
1431 965 1526 1003 siem
1541 966 1557 1003 ?

229 1034 292 1071 So.
326 1045 394 1082 per
416 1034 555 1071 Iouem
577 1031 662 1069 iuro
684 1031 775 1069 med
797 1043 882 1069 esse
903 1043 1033 1080 neque
1054 1043 1117 1068 me
1137 1030 1277 1068 falsum
1298 1029 1440 1068 dicere.
1576 1035 1641 1071 435

231 1100 313 1136 ME.
345 1106 383 1135 at
404 1110 477 1147 ego
498 1110 566 1147 per
588 1095 830 1134 Mercurium
851 1094 936 1133 iuro
956 1093 1026 1133 tibi
1049 1096 1189 1134 Iouem
1210 1107 1290 1133 non
1311 1096 1494 1141 credere;

230 1177 318 1201 nam
341 1163 508 1201 iniurato
529 1161 611 1200 scio
632 1162 720 1212 plus
740 1161 873 1199 credet
896 1159 991 1198 mihi
1012 1173 1131 1210 quam
1153 1159 1278 1198 iurato
1299 1160 1380 1199 tibi.

230 1232 293 1268 So.
326 1228 414 1278 quis
435 1241 508 1277 ego
529 1240 615 1266 sum
637 1227 788 1272 saltem,
811 1225 842 1264 si
864 1239 944 1264 non
966 1239 1052 1263 sum
1074 1224 1215 1264 Sosia?
1244 1233 1281 1264 te
1303 1225 1508 1276 interrogo.

231 1295 272 1331 M
282 1306 313 1332 E.
347 1293 413 1331 ubi
435 1305 507 1343 ego
529 1291 640 1331 Sosia
661 1290 782 1329 nolim
805 1303 904 1338 esse,
925 1297 965 1328 tu
987 1298 1072 1328 esto
1092 1303 1186 1328 sane
1207 1290 1343 1337 Sosia3

229 1372 344 1405 nunc,
369 1358 530 1408 quando
551 1370 625 1407 ego
645 1369 744 1403 sum,
769 1355 988 1407 uapulabis,
1010 1354 1048 1394 ni
1070 1355 1163 1394 hinc
1182 1355 1278 1403 abis,
1303 1355 1496 1406 ignobilis.
1577 1365 1646 1399 440

230 1425 293 1462 So.
326 1431 430 1462 certe
464 1423 617 1472 edepol,
655 1434 776 1471 quom
812 1420 921 1458 illum
956 1421 1186 1470 contemplo
1219 1427 1257 1458 et
1296 1421 1461 1459 formam
1497 1433 1559 1458 co-

1242 1497 1391 1534 gnosco
1413 1497 1552 1531 meam,

228 1565 346 1603 quem
381 1553 432 1591 ad
465 1551 629 1590 modum
665 1563 738 1600 ego
769 1562 856 1588 sum
892 1549 1026 1599 (saepe
1060 1549 1100 1587 in
1135 1551 1339 1599 speculum
1375 1549 1553 1600 inspexi),

1145 1614 1252 1652 nimi'
1272 1614 1434 1652 similest
1456 1613 1530 1652 mei
1550 1628 1558 1659 ;

229 1683 364 1721 itidem
393 1682 511 1720 habet
537 1689 714 1732 petasum
745 1693 790 1719 ac
820 1679 1031 1719 uestitum:
1063 1687 1140 1718 tam
1168 1679 1409 1718 consimilest
1438 1687 1557 1729 atque

1457 1757 1530 1793 ego
1549 1758 1558 1790 ;

227 1826 325 1859 sura,
349 1825 428 1863 pes,
451 1820 607 1857 statura,
631 1818 778 1857 tonsus„
803 1810 920 1858 oculi,
942 1824 1080 1849 nasum
1103 1811 1164 1848 uel
1186 1810 1302 1855 labra,

228 1880 362 1924 malae,
387 1884 578 1924 mentum,
601 1877 731 1922 barba,
754 1877 901 1915 collus:
932 1883 1047 1914 totus.
1106 1875 1202 1924 quid
1224 1873 1353 1912 uerbis
1374 1875 1519 1924 opust?
1574 1881 1640 1918 445

227 1943 255 1981 si
279 1951 427 1993 tergum
450 1941 733 1988 cicatricosum,
758 1941 852 1979 nihil
875 1943 951 1980 hoc
973 1940 1125 1978 similist
1146 1939 1319 1977 similius.

227 2009 296 2046 sed
317 2021 438 2057 quom
460 2007 603 2056 cogito,
627 2007 813 2058 equidem
835 2014 942 2045 certo
964 2006 1068 2044 idern
1090 2018 1175 2043 sum
1198 2005 1265 2054 qui
1282 2016 1436 2053 semper
1457 2002 1522 2041 sui.

228 2073 319 2111 noui
341 2086 463 2120 erum,
486 2073 579 2111 noui
601 2072 710 2111 aedis
731 2079 882 2110 nostras
901 2086 908 2115 ;
937 2084 1030 2109 sane
1050 2069 1160 2120 sapio
1181 2077 1218 2108 et
1239 2069 1376 2107 sentio.

227 2152 306 2176 non
327 2151 400 2187 ego
422 2137 474 2176 illi
497 2146 728 2188 optempero
749 2137 857 2187 quod
879 2136 1060 2186 loquitur.
1121 2135 1284 2185 pultabo
1305 2135 1416 2172 fores.

228 2205 311 2242 ΜΕ.
343 2204 423 2253 qu6
453 2203 534 2253 agis
564 2204 632 2241 te?
689 2204 752 2240 80.
785 2202 961 2239 domum.
1024 2201 1106 2238 ME.
1139 2199 1346 2249 quadrigas
1381 2199 1410 2235 si
1447 2211 1552 2237 nunc
1572 2211 1642 2248 450

1213 2264 1420 2302 inscendas
1444 2263 1551 2302 Iouis

269 2383 333 2413 430
355 2372 403 2404 ve!
419 2373 464 2403 uti
557 2377 681 2407 natum.
702 2370 816 2413 (tum)
833 2369 980 2408 Palmer,
999 2369 1148 2409 rhythmo
1163 2369 1331 2399 consulens
1419 2368 1482 2406 438
1505 2366 1554 2397 vel

226 2418 282 2448 ted
372 2427 435 2455 439
459 2426 534 2446 osse
553 2415 653 2446 nolim
674 2415 841 2452 Gruterus,
860 2424 941 2443 uam
960 2413 1059 2443 Sosia
1076 2416 1258 2452 suspectum
1275 2411 1321 2442 (in
1338 2421 1366 2442 v.
1387 2412 1450 2449 438
1467 2413 1499 2440 -a
1517 2414 1551 2440 te

227 2464 292 2491 lnt-
309 2460 489 2499 tn'bracla.):
513 2460 568 2490 vix
584 2458 730 2490 neuelim
748 2468 824 2489 esse
903 2459 968 2497 446
982 2460 1147 2496 tergumst
1159 2455 1207 2486 ve!
1218 2455 1482 2486 cicatricosumst
1496 2453 1555 2485 alii
