1727 2702
164 111 235 150 IV.
257 116 285 150 ii
674 116 720 154 T.
755 116 935 156 MACCI
968 117 1171 155 PLAVTI

259 224 338 261 ΗΕ.
370 226 525 273 egone?
593 226 669 263 ER.
710 232 816 264 tune.
890 227 969 263 ΗΕ.
1003 233 1084 264 tum
1117 233 1156 263 tu
1189 225 1240 264 mi
1271 225 1385 276 igitur
1413 239 1502 266 erus
1530 240 1582 266 es.

1078 293 1150 329 ER.
1185 291 1307 330 immo
1328 292 1582 330 beneuolens.

254 352 322 391 uin
362 361 398 392 te
433 354 572 392 faciam
608 355 879 394 fortunatum?
948 357 1029 393 ΗΕ.
1066 355 1198 394 malim
1239 370 1357 406 quam
1399 356 1583 395 miserum

1407 420 1580 471 quidem.

257 485 330 522 ER.
362 485 462 523 cedo
502 497 674 523 manum.
736 486 815 523 ΗΕ.
848 498 910 524 em
951 497 1123 522 manum.
1184 485 1258 523 ER.
1290 484 1330 524 di
1370 493 1407 523 te
1445 499 1584 524 omnes

951 549 1151 588 adiuuant.
1214 551 1293 588 ΗΕ.
1326 549 1421 587 nihil
1443 550 1580 589 sentio.

193 617 235 648 80
257 616 331 652 ER.
363 629 444 653 non
465 614 570 653 enim
592 628 633 654 es
654 614 692 653 in
714 615 919 662 senticeto,
940 628 988 654 eo
1008 629 1088 654 non
1110 615 1240 654 sentis.
1300 616 1371 655 sed
1391 615 1482 654 iube
1602 621 1671 656 860

255 694 347 718 uasa
369 680 438 719 tibi
460 693 556 730 pura
576 681 751 731 apparari
773 681 823 719 ad
845 694 925 719 rem
947 680 1123 719 diuinam
1145 680 1234 728 cito,

252 753 371 795 atque
391 759 535 795 agnum
557 745 697 784 adferri
719 747 919 796 proprium
936 745 1133 796 pinguem.
1187 747 1266 784 HE.
1296 747 1398 796 qur?
1444 747 1518 784 ER.
1541 753 1584 784 ut

1361 812 1580 849 sacrufices.

255 878 335 915 ΗΕ.
359 876 451 927 quoi
469 877 664 916 deorum?
718 878 792 915 ER.
817 876 911 915 mihi
929 878 1069 924 hercle,
1085 889 1177 915 nam
1193 890 1266 926 ego
1282 889 1388 914 nunc
1405 875 1474 915 tibi
1496 889 1582 914 sum

1194 954 1371 979 summus
1394 940 1581 991 Iuppiter,

252 1007 355 1046 idem
378 1021 451 1058 ego
471 1021 558 1046 sum
581 1009 703 1055 Salus,
728 1009 914 1055 Fortuna,
936 1009 1031 1054 Lux,
1058 1007 1233 1054 Laetitia,
1263 1005 1475 1045 Gaudium.

191 1077 231 1115 85
252 1073 363 1123 proin
386 1081 425 1111 tu
448 1074 567 1112 deum
590 1074 695 1111 hunc
717 1072 916 1111 saturitate
938 1072 1055 1111 facias
1077 1071 1329 1122 tranquillum
1352 1070 1433 1110 tibi.
1601 1072 1666 1117 865

254 1140 334 1176 ΗΕ.
366 1138 531 1177 essurire
553 1138 647 1176 mihi
669 1137 815 1177 uidere.
872 1139 945 1176 ER.
979 1137 1196 1188 miquidem
1218 1137 1377 1184 essurio,
1396 1150 1476 1176 non
1498 1136 1579 1175 tibi.

254 1205 332 1241 ΗΕ.
357 1211 425 1242 tuo
446 1203 644 1249 arbitratu,
664 1203 775 1242 facile
796 1203 932 1253 patior.
987 1205 1060 1242 ER.
1084 1204 1213 1249 credo,
1230 1204 1453 1241 consuetu's
1474 1216 1579 1252 puer.

254 1270 335 1307 ΗΕ.
360 1269 537 1320 Iuppiter
558 1277 595 1307 te
615 1269 735 1319 dique
757 1269 933 1319 perdant.
995 1270 1068 1307 ER.
1093 1268 1130 1307 te
1151 1267 1390 1307 hercle—mi
1411 1281 1581 1318 aequom

1363 1341 1421 1372 est
1441 1332 1582 1383 gratias

250 1413 363 1449 agere
385 1399 437 1438 ob
454 1399 637 1438 nuntium
655 1414 663 1446 3
694 1406 846 1437 tantum
864 1413 936 1449 ego
954 1413 1058 1438 nunc
1076 1407 1190 1450 porto
1205 1413 1227 1438 a
1244 1407 1357 1450 portu
1375 1398 1444 1437 tibi
1464 1397 1555 1437 Doni
1574 1413 1580 1435 :

189 1480 232 1513 90
253 1478 357 1503 nunc
387 1472 427 1503 tu
459 1464 555 1503 mihi
585 1465 726 1515 places.
788 1465 867 1502 ΗΕ.
899 1463 978 1512 abi,
1004 1465 1170 1512 stultu's,
1191 1478 1278 1504 sero
1307 1471 1395 1515 post
1426 1471 1581 1514 tempus
1601 1464 1670 1506 870

1456 1527 1578 1567 uenis.

253 1596 326 1633 ER.
360 1594 473 1644 igitur
493 1594 586 1633 olim
609 1594 639 1632 si
661 1594 924 1642 aduenissem‚
948 1595 1060 1646 magi'
1082 1603 1122 1634 tu
1144 1603 1226 1634 turn
1248 1595 1348 1634 istuc
1369 1594 1545 1640 diceres;

253 1673 357 1698 nunc
379 1661 479 1698 hanc
502 1659 688 1698 laetitiam
709 1660 844 1711 accipe
865 1674 888 1699 a
910 1675 972 1699 me
993 1675 1110 1711 quam
1133 1663 1224 1700 fero.
1285 1674 1375 1698 narn
1399 1659 1521 1697 filium

252 1733 359 1763 tuom
392 1726 513 1764 modo
542 1725 581 1763 in
612 1733 725 1776 portu
759 1725 1075 1776 Philopolemum
1106 1726 1252 1771 uiuom,
1276 1726 1427 1763 saluom
1458 1732 1496 1763 et
1523 1737 1581 1762 so-

1439 1789 1579 1840 spitem

251 1856 330 1895 uidi
353 1856 391 1894 in
413 1857 571 1907 publica
592 1859 735 1903 celoce,
761 1857 988 1907 ibidemque
1010 1857 1118 1895 illum
1139 1857 1480 1895 adulescentulum

188 1932 229 1965 95
252 1922 392 1959 Aleum
415 1935 492 1959 una
513 1930 551 1960 ct
574 1931 681 1960 tuom
705 1923 946 1971 Stalagmum
969 1935 1136 1968 seruom,
1160 1921 1225 1971 qui
1247 1920 1397 1971 aufugit
1417 1921 1550 1966 domo,
1600 1919 1666 1963 875

251 1985 315 2035 qui
338 1986 406 2023 tibi
430 1987 626 2037 surrupuit
648 1986 896 2036 quadrimum
920 1999 1083 2035 puerum
1107 1986 1269 2024 filiolum
1293 1993 1412 2023 tuom.

252 2051 332 2088 ΗΕ.
369 2050 431 2089 abi
472 2051 511 2088 in
551 2052 693 2089 malam
726 2064 817 2097 rem,
855 2050 957 2089 ludis
992 2064 1065 2089 me.
1141 2052 1214 2088 ER.
1252 2049 1304 2088 ita
1339 2064 1401 2088 me
1432 2049 1579 2088 amabit

1222 2122 1357 2153 sancta
1378 2114 1576 2161 Saturitas,

255 2181 397 2229 Hegio,
422 2181 551 2231 itaque
573 2193 644 2218 suo
666 2193 728 2218 mc
749 2193 902 2230 semper
923 2181 1161 2218 condecoret
1183 2178 1430 2229 cognomine,

295 2286 358 2323 865
383 2285 495 2314 diuum
516 2283 625 2318 Bothe,
646 2283 817 2312 cm'ln'alus
835 2284 930 2312 (lcum
952 2282 957 2325 Ι
979 2283 1066 2313 hunc
1080 2281 1219 2323 displice!
1332 2283 1389 2321 871
1419 2281 1470 2312 vel
1482 2291 1578 2321 mage

250 2327 313 2366 874
338 2328 483 2358 celocem
505 2327 625 2358 ibidem
643 2326 731 2356 codd.
754 2326 857 2355 Nonii
869 2336 933 2365 533
