1727 2702
197 122 262 161 I.i
662 123 708 161 T.
743 122 922 162 MACCI
956 123 1158 161 PLAVTI

248 233 302 272 ita
320 241 379 273 est
397 234 629 272 adulescens
644 248 654 281 3
683 232 790 283 ipsus
810 246 923 272 escae
944 246 1161 281 maxumae,
1598 247 1685 282 roo⁴

189 311 226 343 25
247 298 410 338 Cerialis
429 311 547 337 cenas
566 299 646 345 dat,
669 297 722 336 ita
742 311 898 336 mensas
918 298 1090 345 exstruit,

244 370 371 402 tantas
390 362 552 402 struices
573 361 785 402 concinnat
805 362 1013 412 patinarias
1032 378 1039 401 :

242 429 464 466 standumst
485 427 524 465 in
545 429 648 466 lecto
669 427 700 465 si
721 427 817 477 quid
838 428 888 465 de
909 441 1065 466 summo
1086 435 1205 478 petas.

242 494 312 532 sed
334 492 386 531 mi
407 492 656 532 interuallum
677 491 754 530 iarn
776 493 849 530 hos
869 491 954 530 dies
975 493 1119 530 multos
1142 492 1238 532 fuit:

243 557 352 596 domi
373 556 547 596 domitus
568 569 655 595 sum
676 569 802 606 usque
823 569 913 594 cum
935 556 1056 595 careis
1077 556 1185 595 meis.
1598 565 1660 604 105
1673 549 1698 602 5¹,

183 634 226 666 30
244 636 336 662 nam
357 635 486 672 neque
506 623 584 660 edo
604 634 734 671 neque
754 634 845 660 emo
866 620 939 659 nisi
960 622 1069 671 quod
1090 629 1148 660 est
1169 621 1436 661 carissumum.

242 688 283 727 id
303 701 464 738 quoque
484 687 572 734 iam,
595 686 673 726 cari
694 686 761 737 qui
783 687 1025 726 instruontur
1044 688 1240 726 deserunt.

242 766 347 792 nunc
367 754 418 792 ad
439 766 530 792 eum
551 752 690 791 inuiso.
750 753 819 791 sed
840 752 1010 802 aperitur
1029 752 1184 791 ostium.

243 819 553 858 Menaechmum
575 831 713 857 eccum
735 817 862 868 ipsum
885 817 1015 864 uideo,
1039 818 1282 868 progreditur
1303 819 1414 857 soraS.

191 926 222 965 ii
469 929 919 966 MENAECHMVSI
1033 929 1353 966 PENICVLVS

352 1011 467 1049 ΜΕΝ.
493 1009 545 1048 Ni
560 1010 673 1056 mala,
683 1008 722 1048 ni
737 1011 855 1048 stulta
868 1009 954 1057 sies,
973 1009 1012 1047 ni
1027 1009 1219 1048 indomita
1233 1009 1427 1060 inposque
1439 1008 1571 1057 animi,
1596 991 1680 1059 11οξ

295 1076 404 1126 quod
425 1074 510 1113 uiro
529 1087 615 1113 esse
636 1074 730 1113 odio
750 1074 898 1122 uideas,
922 1082 1004 1113 tute
1025 1074 1094 1112 tibi
1116 1074 1209 1112 odio
1230 1075 1387 1112 habeas.
1674 1061 1681 1114 i

402 1140 630 1191 praeterhac
650 1139 681 1177 si
703 1138 799 1177 mihi
820 1141 896 1178 tale
917 1146 1005 1190 post
1026 1141 1132 1178 hunc
1153 1139 1259 1177 diem

403 1205 509 1252 faxis,
533 1206 621 1244 saxo
641 1205 733 1244 foris
755 1205 875 1244 uidua
895 1205 998 1244 uisas
1019 1214 1181 1255 patrem.

202 1280 221 1314 5
240 1283 333 1310 nam
354 1269 538 1321 quotiens
559 1271 660 1308 foras
682 1269 735 1308 ire
756 1271 860 1318 uolo,
884 1283 947 1309 me
967 1270 1121 1317 retines,
1143 1283 1318 1317 reuocas,
1340 1269 1494 1320 rogitas,

402 1335 484 1385 quo
503 1347 577 1385 ego
597 1347 695 1382 eam,
718 1347 837 1384 quam
859 1348 940 1373 rem
960 1347 1084 1384 agam,
1108 1334 1203 1384 quid
1225 1334 1355 1385 negoti
1376 1347 1518 1384 geram,
1595 1345 1658 1384 115

402 1399 499 1450 quid
519 1407 662 1450 petam,
686 1399 782 1449 quid
802 1400 936 1447 feram,
957 1399 1053 1449 quid
1074 1399 1165 1438 foris
1186 1399 1340 1449 egerim.

403 1464 631 1515 portitorem
653 1465 818 1502 domum
839 1464 943 1512 duxi,
966 1464 1019 1502 ita
1039 1478 1198 1503 omnem
1222 1464 1315 1502 mihi

404 1543 485 1569 rem
507 1542 668 1568 neeesse
688 1529 819 1579 eloqui
841 1537 910 1576 est,
933 1529 1128 1579 quidquid
1149 1529 1207 1579 egi
1228 1537 1347 1579 atque
1367 1542 1450 1580 ago.

184 1612 225 1639 ιο
243 1595 408 1636 nimium
444 1608 518 1644 ego
552 1602 589 1632 te
623 1593 743 1633 habui
778 1594 985 1633 delicatam
1003 1609 1012 1641 3
1051 1607 1155 1632 nunc
1190 1595 1292 1633 adeo
1326 1602 1367 1632 ut
1401 1595 1572 1633 facturus

1427 1658 1568 1697 dicam.

563 1725 724 1774 quando
744 1736 818 1773 ego
839 1723 907 1762 tibi
929 1723 1101 1770 ancillas,
1123 1737 1285 1774 penum,
1594 1737 1659 1763 120

294 1793 436 1839 lanam,
458 1803 607 1837 aurum,
631 1798 793 1836 uestem,
819 1802 1029 1840 purpuram
1061 1790 1162 1828 bene
1183 1789 1354 1840 praebeo
1375 1803 1447 1827 nec
1468 1788 1574 1839 quie·

1328 1866 1446 1903 quam
1469 1867 1569 1903 egeS,

295 1923 398 1960 malo
419 1919 578 1959 cauebis
599 1919 629 1958 si
651 1919 765 1970 sapis,
789 1919 916 1957 uirum
938 1932 1146 1969 opseruare
1167 1918 1334 1957 desines.

241 1994 358 2036 atque
378 1987 491 2032 adeo,
515 1999 563 2023 ne
586 1998 647 2023 me
669 1984 909 2034 nequiquam
931 1997 1073 2029 seruos,
1097 1984 1149 2021 ob
1171 1997 1255 2021 eam
1279 1983 1509 2021 industriam

185 2064 221 2097 ¹5
242 2051 360 2090 hodie
373 2052 515 2089 ducam
533 2058 704 2088 scortum
721 2050 771 2087 ad
788 2062 925 2087 cenam
943 2057 1060 2098 atque
1076 2048 1208 2098 aliquo
1224 2047 1431 2086 condicam
1454 2049 1565 2086 soras.

244 2118 310 2154 PE.
344 2115 419 2154 illic
440 2116 562 2153 homo
582 2128 623 2152 se
645 2113 752 2152 uxori
774 2113 930 2151 simulat
952 2115 1052 2151 male
1074 2112 1191 2162 loqui,
1216 2112 1386 2162 loquitur
1408 2112 1501 2149 mihi
1519 2127 1528 2158 ;
1591 2122 1652 2160 125

286 2223 340 2244 101
362 2212 505 2244 Cerialis
519 2212 632 2242 Festus
648 2221 711 2250 310
727 2212 767 2252 (S.
781 2211 940 2245 struices}
954 2222 960 2242 :
986 2210 1119 2241 certalis
1131 2209 1196 2240 cod.
1289 2219 1423 2240 mensas
1434 2209 1546 2239 Festus
1563 2220 1569 2239 :

242 2267 390 2288 mensam
407 2255 474 2286 cod.
626 2263 683 2293 105
697 2254 781 2293 sort.
799 2255 952 2284 domatus
974 2253 1094 2293 (class.
1115 2253 1191 2284 Rev.
1214 2262 1260 2288 12,
1280 2254 1358 2291 2325
1510 2261 1571 2282 110

240 2302 272 2331 in
289 2301 320 2330 A
340 2310 440 2339 usquc
454 2297 501 2328 ad
527 2309 585 2336 124
607 2298 808 2338 paucissima
824 2301 952 2327 servata
1118 2306 1174 2334 114
1201 2306 1300 2333 rogas
1318 2295 1350 2325 A
1511 2295 1570 2324 116

240 2349 351 2383 petam
381 2342 613 2373 Cameram'us:
648 2342 759 2371 detam
785 2340 848 2371 cod.
877 2340 923 2371 (Ἰ)
947 2346 1007 2381 pro
1031 2339 1073 2378 P)
1152 2340 1290 2378 legerim
1314 2337 1380 2370 cod.
1399 2338 1487 2376 (mrr.
1508 2337 1569 2379 8¹³)

240 2385 437 2462 awoqui
455 2383 542 2416 codd.
562 2383 665 2414 Nom'e'
679 2394 717 2423 24
735 2396 741 2415 :
766 2384 854 2424 loqui
871 2383 938 2415 cod.
1064 2393 1118 2422 ¹24
1146 2388 1245 2417 atque
1263 2382 1374 2423 aliquo
1391 2382 1432 2412 ad
1450 2391 1568 2414 cenam

360 2439 411 2461 ms
