1727 2702
135 98 243 137 1V.1
638 101 683 138 T.
718 100 897 140 MACCI
930 100 1133 138 PLAVTI
1653 102 1694 166 ἃ

1685 162 1691 184 ⁸

333 209 449 249 simul
469 226 475 248 :
507 210 709 262 multiplex
729 223 917 250 aerumna
937 209 1146 250 exercitam
1169 210 1300 257 habet,

184 290 202 322 5
335 283 553 327 paupertas,
578 289 701 326 pauor
722 275 868 314 territat
889 283 1064 315 mentem
1084 275 1219 322 animi,
1582 291 1650 330 530
1686 287 1687 290 ’

279 354 408 391 neque
429 341 497 380 ubi
525 354 632 380 meas
658 341 865 380 conlocem
887 353 977 390 spes
1003 341 1133 379 habeo
1161 339 1215 378 mi
1242 354 1410 391 usquam
1438 340 1563 379 muni-

1309 411 1393 444 tum
1413 406 1558 444 locum.

278 470 329 510 ita
352 478 469 521 gnata
490 484 578 510 mea
598 469 809 510 hostiumst
830 469 954 520 potita
974 482 1104 519 neque
1124 483 1171 508 ea
1186 482 1293 508 nunc
1309 469 1377 508 ubi
1398 469 1446 508 sit
1467 468 1559 508 scio.

224 536 292 575 PE.
326 536 412 587 quis
434 536 546 575 illaec
566 543 624 574 est
646 534 784 574 mulier
805 534 945 574 timido
966 543 1125 586 pectore
1146 547 1306 585 peregre
1326 534 1545 574 adueniens

222 614 323 651 quae
354 600 437 651 ipsa
467 614 507 640 se
538 600 770 639 miseratur?
828 601 901 638 ΡΗ.
934 599 974 638 in
1004 598 1065 637 his
1094 599 1241 638 dictust
1270 598 1366 638 locis
1387 598 1563 639 habitare

1466 663 1562 703 mihi
1670 706 1671 710 ,

163 746 203 769 10
224 730 475 782 Periphanes.
537 732 606 769 PE.
638 744 701 770 me
726 730 905 769 nominat
929 730 1052 778 haec;
1081 730 1202 770 credo
1221 743 1296 780 ego
1315 728 1370 769 illi
1390 728 1563 781 hospitio
1582 736 1646 774 535

1337 796 1421 833 usu’
1441 793 1560 834 uenit.

223 862 297 899 ΡΗ.
320 860 510 911 peruelim
533 861 756 900 mercedem
776 861 870 900 dare
890 859 958 911 qui
975 866 1166 899 monstret
1181 873 1272 898 eum
1289 859 1343 898 mi
1359 858 1563 899 hominem

1186 921 1288 977 [aut]
1309 923 1378 963 ubi
1398 923 1560 963 habitet.

223 991 291 1030 PE.
315 989 471 1030 noscito
484 1004 557 1041 ego
573 991 686 1038 hanc,
705 1003 797 1029 nam
814 989 953 1029 uideor
970 988 1107 1028 nescio
1122 988 1191 1028 ubi
1208 988 1262 1028 mi
1277 988 1425 1028 uidisse
1440 988 1558 1040 prius.

443 1064 554 1095 estne
574 1069 620 1094 ea
639 1069 690 1094 an
712 1068 792 1094 non
813 1063 896 1094 east
917 1067 1036 1105 quam
1057 1054 1213 1094 animus
1233 1062 1337 1093 retur
1357 1055 1498 1093 meus?

444 1122 519 1159 ΡΗ.
551 1120 591 1160 di
612 1119 731 1159 boni!
762 1118 918 1159 uisitaui
1030 1132 1049 1154 *
1164 1132 1182 1153 *
1293 1117 1512 1158 antidhac?

166 1201 202 1234 15
441 1187 510 1224 PE.
543 1193 649 1224 certo
670 1192 752 1224 east
865 1199 884 1220 *
999 1199 1017 1220 *
1581 1198 1650 1236 540

545 1264 664 1301 quam
685 1250 725 1289 in
747 1249 949 1302 Epidauro
1579 1257 1664 1299 540⁸

438 1317 715 1368 pauperculam
738 1315 900 1354 memini
920 1315 1190 1366 comprimere.
1578 1315 1665 1363 540¹³

548 1382 621 1418 ΡΗ.
655 1382 770 1431 plane
791 1379 921 1420 hicine
941 1388 1000 1419 est

331 1445 396 1496 qui
421 1445 473 1484 mi
494 1445 533 1484 in
556 1445 758 1496 Epidauro
778 1444 917 1495 uirgini
938 1444 1076 1496 primu’
1098 1444 1328 1495 pudicitiam
1349 1443 1528 1496 perpulit.
1579 1450 1664 1492 541·

166 1524 206 1548 20
226 1512 293 1549 PE.
326 1524 427 1561 quae
461 1523 551 1550 meo
583 1522 810 1560 compressu
840 1509 990 1561 peperit
1019 1509 1139 1548 filiam
1170 1523 1289 1560 quam
1317 1509 1426 1549 domi
1453 1522 1559 1548 nunc

1417 1575 1559 1616 habeo.

225 1641 321 1692 quid
343 1641 373 1680 si
394 1642 590 1681 adeam—
613 1642 686 1679 ΡΗ.
720 1642 798 1680 hau
819 1641 901 1680 scio
932 1655 982 1680 an
1003 1641 1290 1692 congredias—
1311 1642 1379 1680 PE.
1411 1641 1441 1680 si
1463 1641 1561 1680 haec

959 1714 1052 1745 east.
1111 1707 1184 1744 ΡΗ.
1217 1706 1276 1744 sin
1297 1705 1328 1744 is
1349 1714 1406 1744 est
1426 1707 1558 1751 homo,

280 1771 379 1811 sicut
408 1771 500 1810 anni
532 1770 643 1810 multi
674 1770 796 1810 dubia
821 1772 928 1811 dant.
990 1772 1057 1809 PE.
1090 1772 1207 1821 longa
1229 1770 1314 1810 dies
1345 1783 1476 1808 meum
1506 1769 1560 1808 in-

1228 1842 1349 1873 certat
1368 1834 1556 1873 animum.

268 1951 331 1980 5²9
355 1951 528 1972 erumnam
544 1940 582 1979 Ρ,
598 1941 630 1971 Α
645 1952 677 1974 n.
694 1941 715 1972 I.
737 1952 743 1972 :
769 1950 932 1973 aerumna
949 1951 1003 1972 me
1017 1940 1214 1972 Gulielmius
1302 1948 1360 1980 531
1388 1939 1431 1970 mi
1447 1939 1560 1979 (mihi)

167 1988 171 1991 '
224 1995 288 2016 om.
308 1985 339 2015 P
484 1994 546 2024 532
573 1985 690 2015 neseio
717 1984 752 2013 P
891 1995 954 2024 534
980 1985 1089 2016 dictus
1106 1985 1126 2016 l.
1146 1983 1251 2015 Pius:
1275 1984 1330 2014 vix
1345 1982 1446 2014 dictu'
1463 1981 1561 2014 locist

225 2038 287 2067 535
313 2028 422 2068 (us)us
440 2028 671 2067 (hos)pj—-A
767 2029 861 2060 uenit
885 2028 985 2059 Pius:
1010 2028 1143 2059 inuenit
1160 2026 1193 2058 Ρ
1207 2026 1254 2068 (A
1275 2037 1306 2058 n.
1327 2027 1366 2066 Ι.)
1499 2026 1563 2065 536

226 2077 281 2103 aut
307 2070 406 2111 (unde
422 2071 467 2111 fi!
490 2069 600 2103 versus
627 2071 721 2104 troch.
749 2072 948 2111 octonarius)
971 2071 1031 2102 dcl.
1056 2070 1175 2102 Becker
1195 2070 1242 2107 (A
1261 2081 1293 2101 n.
1311 2070 1347 2109 1.)
1461 2069 1561 2101 habet

231 2117 267 2154 1)
286 2113 350 2145 Leo
516 2125 577 2155 537
605 2125 658 2146 me
675 2115 708 2145 Ρ
729 2116 776 2145 (Α
797 2126 828 2146 n.
848 2116 887 2156 l.)
902 2116 982 2154 sort.
1014 2119 1087 2146 recte
1111 2114 1164 2154 (cs.
1191 2113 1349 2145 Bosscher
1373 2112 1429 2144 ‘de
1453 2111 1558 2144 Cure)

226 2168 256 2197 p.
277 2160 335 2197 3ο)
443 2159 507 2197 538
533 2158 621 2200 east]
642 2164 693 2190 est
710 2159 742 2189 P
846 2168 910 2198 539
935 2160 1018 2189 inter
1032 2158 1165 2189 uisitaui
1189 2161 1218 2188 et
1234 2156 1391 2188 antidhac
1414 2157 1559 2197 spanum

226 2201 368 2231 relictum
388 2201 420 2232 Ρ
444 2203 494 2241 (cs
514 2213 541 2234 v.
562 2203 663 2242 525):
697 2202 729 2231 A
750 2213 782 2233 n.
797 2202 816 2233 I.
924 2212 988 2242 540
1012 2203 1157 2242 spatium
1170 2205 1246 2242 pos!
1256 2205 1329 2231 east
1347 2200 1490 2231 relictum
1507 2199 1557 2230 P:

226 2245 257 2274 A
278 2256 307 2276 n.
323 2246 342 2276 I.
441 2248 520 2284 54¹¹
538 2246 618 2276 mihi
636 2245 723 2276 codd.
815 2247 939 2285 uirgini
956 2256 1021 2277 om.
1037 2244 1070 2276 Ρ
1136 2244 1264 2285 pepulit
1282 2242 1399 2283 Psort.
1418 2247 1493 2274 recte
1506 2242 1558 2282 (ef.

231 2288 318 2320 Trin.
339 2290 403 2327 308
426 2289 573 2329 perpulit
587 2295 648 2329 pro
668 2289 810 2328 pepulit)
946 2299 1010 2328 542
1035 2298 1133 2327 quam
1152 2288 1182 2319 d.
1204 2298 1235 2318 n.
1254 2288 1284 2318 h.
1305 2297 1370 2318 om.
1390 2286 1423 2316 A
1442 2289 1479 2316 ut
1493 2285 1556 2318 vid.

226 2343 289 2371 543
314 2332 448 2363 Nonius
463 2342 528 2372 473
545 2336 684 2363 testatur
696 2333 897 2371 congredias
913 2343 919 2362 :
944 2331 1145 2371 congrediar
1161 2329 1201 2370 Ρ,
1215 2331 1248 2360 Α
1264 2342 1295 2361 η.
1311 2330 1331 2361 I.
1352 2342 1358 2360 :
1379 2330 1460 2369 son.
1481 2339 1558 2360 con-

227 2377 374 2414 grediam
453 2376 524 2416 sin]
541 2376 567 2406 si
589 2375 724 2416 Geppert
812 2381 861 2406 est
879 2375 907 2406 is
923 2375 954 2406 Β
967 2376 1014 2416 (Λ
1035 2386 1066 2405 n.
1085 2375 1123 2414 Ι.)
1213 2384 1277 2413 544
1303 2374 1344 2404 de
1362 2373 1414 2403 ubi
1431 2373 1556 2404 audant

228 2420 259 2450 P
276 2423 350 2460 §pro
369 2419 501 2450 dubiam
523 2420 604 2450 dant
618 2422 643 2458 ἲ)
