1727 2712
667 130 941 168 ASINARIA
1390 129 1467 167 III.
1489 128 1535 165 iii

137 239 482 287 circumsistamus‚
504 241 600 279 alter
620 240 723 287 hinc,
747 240 839 279 hinc
859 241 956 279 alter
978 242 1233 291 appellemus.

138 318 213 353 ere,
231 307 348 344 salue.
390 306 459 344 sed
481 319 576 343 num
598 307 728 343 fumus
744 312 801 343 est
822 306 921 344 haec
937 306 1075 344 mulier
1091 319 1210 355 quam
1226 305 1471 355 amplexare?

49 372 121 407 620
138 371 243 408 ARG.
276 369 471 420 quidum?
528 372 598 408 LE.
631 369 723 420 quia
751 369 855 409 oculi
889 378 980 409 sunt
1014 370 1085 409 tibi
1118 372 1390 416 lacrumanteS‚
1423 383 1470 408 eo
1491 381 1532 411 30

1324 434 1468 485 rogaui.

137 501 242 538 ARG.
274 507 461 550 patronus
483 499 550 550 qui
571 500 685 538 uobis
707 499 778 538 fuit
798 501 962 548 futurus,
984 501 1220 551 perdidistis.

138 565 208 602 LE.
241 564 426 614 equidem
458 565 589 604 hercle
618 566 771 603 nullum
801 565 965 615 perdidi,
1003 565 1093 605 ideo
1127 565 1221 616 quia
1253 578 1470 615 numquam

1193 631 1316 669 ullum
1337 629 1468 668 habui.

138 697 199 733 L1.
233 695 491 742 Philaenium,
515 697 632 733 salue.
693 697 768 733 PH.
801 695 954 734 dabunt
974 695 1015 734 di
1036 709 1138 745 quae
1159 695 1287 733 uelitis
1308 694 1433 733 uobis.

139 761 198 798 L1.
231 767 389 798 noctem
411 767 519 798 tuam
541 767 579 798 et
600 759 681 797 uini
703 761 847 798 cadum
869 759 1000 807 uelim,
1025 759 1056 798 si
1077 767 1211 810 optata
1232 761 1336 797 fiant.

49 828 115 873 625
137 826 242 863 ARG.
275 825 441 863 uerbum
470 838 569 863 caue
599 824 705 871 faxis,
732 825 909 864 uerbero.
970 826 1029 863 L1.
1063 825 1134 864 tibi
1164 825 1361 875 equidem,
1390 838 1471 862 non
1491 839 1532 872 35

1246 889 1342 928 mihi
1364 897 1469 940 opto.

135 956 241 993 ARG.
274 962 357 992 tum
387 962 428 992 tu
459 954 574 1004 igitur
603 955 765 1004 loquere
794 956 903 1004 quod
933 955 1052 994 lubet.
1114 956 1173 993 L1.
1207 956 1313 994 hunc
1342 956 1474 994 hercle

1254 1021 1469 1060 uerberare.

138 1086 207 1123 LE.
239 1085 421 1135 quisnam
443 1084 543 1125 istuc
564 1086 752 1124 adcredat
774 1085 854 1132 tibi,
878 1085 1044 1125 cinaede
1064 1086 1354 1125 calamistrate?

137 1156 205 1188 tun
226 1150 420 1197 uerberes,
444 1149 511 1200 qui
532 1164 603 1200 pro
623 1150 715 1188 cibo
736 1151 884 1189 habeas
905 1158 943 1189 te
964 1151 1190 1190 uerberari?

136 1216 241 1252 ARG.
274 1222 316 1252 ut
337 1223 492 1253 uostrae
512 1216 692 1253 fortunae
714 1215 810 1253 meis
831 1217 1085 1265 praecedunt,
1109 1216 1272 1264 Libane,
1296 1218 1423 1267 longe,

48 1286 118 1329 630
135 1279 202 1330 qui
224 1279 343 1318 hodie
364 1293 582 1330 numquam
607 1281 658 1318 ad
687 1293 896 1330 uesperum
921 1280 1065 1319 uiuam.
1127 1283 1186 1319 L1.
1220 1290 1467 1332 quapropter,
1490 1292 1533 1324 40

1294 1361 1442 1397 quaeso
1456 1349 1472 1385 ?

136 1410 240 1447 ARG.
273 1409 366 1460 quia
383 1423 456 1460 ego
477 1410 580 1448 hanc
600 1410 692 1448 amo
708 1417 747 1448 et
767 1410 866 1449 haec
887 1412 980 1450 med
1001 1419 1118 1458 amat,
1137 1411 1229 1450 huic
1250 1413 1359 1462 quod
1380 1413 1471 1451 dem

947 1490 1144 1526 nusquam
1166 1476 1379 1527 quicquam
1401 1484 1471 1524 est,

136 1538 228 1578 hinc
250 1541 341 1578 med
361 1548 562 1579 amantem
583 1554 630 1579 ex
650 1540 816 1579 aedibus
837 1541 982 1580 deiecit
1003 1541 1132 1580 huiius
1153 1550 1286 1581 mater.

135 1604 283 1655 argenti
304 1605 442 1655 uiginti
465 1605 595 1644 minae
617 1606 708 1644 med
728 1607 780 1644 ad
802 1614 968 1645 mortem
989 1609 1237 1657 appulerunt,

135 1683 232 1719 quas
254 1670 374 1709 hodie
393 1672 628 1709 adulescens
651 1670 846 1709 Diabolus
868 1671 941 1722 ipsi
962 1673 1125 1710 daturus
1145 1672 1252 1719 dixit,

48 1740 114 1783 635
136 1742 178 1772 ut
199 1736 301 1773 hanc
322 1749 372 1774 ne
392 1749 595 1786 quoquam
618 1735 788 1774 mitteret
808 1736 882 1774 nisi
903 1738 954 1775 ad
975 1750 1016 1775 se
1038 1738 1143 1775 hunc
1163 1751 1312 1776 annum
1328 1746 1468 1778 totum.
1490 1751 1532 1783 45

136 1799 287 1838 uidetin
308 1800 446 1851 uiginti
467 1800 598 1839 minae
619 1801 716 1851 quid
737 1803 888 1851 pollent
908 1802 1057 1852 quidue
1077 1805 1272 1853 possunt?

135 1863 186 1902 ill’
207 1866 275 1915 qui
295 1864 379 1904 illas
400 1866 528 1916 perdit
549 1867 679 1904 saluos
700 1873 772 1914 est,
793 1880 866 1917 ego
888 1866 955 1917 qui
976 1881 1057 1906 non
1078 1869 1201 1918 perdo
1222 1882 1350 1919 pereo.

137 1930 196 1968 L1.
228 1929 306 1968 iam
344 1930 457 1970 dedit
493 1932 728 1981 argentum?
805 1933 910 1970 ARG.
948 1945 1028 1971 non
1068 1933 1188 1972 dedit.
1268 1936 1326 1972 L1.
1364 1935 1473 1973 bono

989 1997 1124 2036 animo
1145 2013 1197 2045 es,
1221 2013 1271 2037 ne
1291 2000 1468 2039 formida.

137 2061 206 2099 LE.
239 2062 380 2100 secede
407 2063 495 2109 huc,
526 2061 690 2108 Libane,
718 2068 756 2100 te
783 2063 887 2102 uolo.
959 2063 1018 2101 L1.
1051 2062 1083 2101 si
1110 2063 1206 2113 quid
1234 2064 1303 2102 uis.
1362 2068 1468 2104 ARG.

1200 2142 1364 2179 opsecro
1385 2144 1471 2178 uos,

179 2232 246 2261 620
270 2240 334 2269 ego
346 2230 396 2261 PE
486 2231 552 2260 626
572 2230 653 2268 quid
667 2240 736 2261 var.
754 2229 774 2261 I.
791 2231 825 2260 in
838 2230 872 2260 D
960 2233 1025 2270 630
1049 2233 1150 2263 hodie
1164 2233 1221 2272 qui
1238 2233 1470 2265 Camerarius:

136 2275 218 2314 quin
232 2275 262 2304 h.
276 2273 411 2304 Ribbeck
478 2276 538 2311 631
559 2273 609 2313 et]
623 2278 725 2312 atque
737 2274 1087 2315 Kaempsdepronom.
1104 2287 1135 2316 p.
1149 2278 1190 2307 28
1246 2288 1298 2307 me
1312 2279 1371 2317 (ita
1389 2278 1470 2317 cod.)

136 2316 297 2358 (contra)
311 2316 434 2348 Pradel
446 2316 484 2346 cle
494 2322 605 2356 praep.
625 2328 656 2356 p.
674 2327 738 2356 503
837 2328 1018 2357 numquam
1036 2320 1100 2350 cod.
1262 2323 1324 2359 632
1350 2322 1471 2352 deiecit

138 2360 364 2391 Camerarius:
393 2361 521 2399 delegit
537 2360 604 2393 cod.
622 2361 667 2402 (L
678 2365 740 2400 pro
758 2360 784 2400 1,
799 2361 829 2392 G
841 2366 904 2402 pro
920 2362 963 2403 C)
979 2377 984 2395 :
1009 2363 1111 2394 eiecit
1126 2363 1302 2394 Fleckeisen
1406 2367 1469 2405 634

135 2404 290 2435 daturum
307 2404 381 2436 Ital.

181 2457 299 2479 PLAVT.
320 2456 332 2478 1
1363 2453 1383 2482 6
