1727 2712
685 132 959 171 ASINARIA
1423 131 1478 168 II.
1499 129 1529 167 ii

152 243 221 280 LE.
254 241 307 280 ait
328 255 369 280 se
390 241 442 279 ob
462 241 594 280 asinos
615 243 713 281 ferre
732 249 937 292 argentum
958 240 1116 280 atriensi
1137 242 1317 288 Saureae,
1501 248 1543 279 80

149 306 288 356 uiginti
309 306 446 353 minas,
465 308 535 346 sed
556 321 646 346 eum
668 321 753 346 sese
773 321 854 346 non
875 320 993 346 nosse
1014 306 1218 345 hominem
1239 305 1306 356 qui
1327 305 1410 352 siet,

149 370 278 420 ipsum
299 385 393 410 uero
413 385 454 410 se
474 371 634 411 nouisse
654 371 794 411 callide
817 374 1119 411 Demaenetum.

63 449 132 486 350
150 435 338 485 quoniam
354 436 418 475 ille
435 438 614 475 elocutus
630 438 728 476 haec
744 436 917 475 sic—L1.
941 435 1038 487 quid
1054 443 1138 475 turn
1153 438 1169 474 ?
1212 438 1282 474 LE.
1306 436 1484 474 ausculta

1244 514 1348 551 ergo,
1370 500 1480 539 scies.

151 566 348 615 externplo
369 566 469 605 facio
491 569 661 606 facetum
684 581 746 606 me
766 575 885 618 atque
907 568 1174 617 magnuficum
1195 566 1336 613 uirum,

150 629 241 668 dico
262 632 353 669 med
374 645 458 670 esse
479 632 698 671 atriensem.
759 632 814 671 sic
835 634 912 671 hoc
933 632 1135 683 respondit
1157 631 1275 670 mihi:
1503 636 1544 676 85

153 697 162 714 ‘
175 708 248 745 ego
269 698 334 746 pol
356 699 541 735 Sauream
563 712 644 736 non
665 698 759 736 noui
780 712 910 748 neque
931 712 1009 748 qua
1030 697 1127 736 facie
1149 697 1197 735 sit
1218 696 1310 736 scio.

152 767 189 798 te
210 774 289 798 non
310 771 519 812 aequomst
540 777 777 802 suscensere.
838 765 870 801 si
890 777 999 801 erum
1021 762 1080 801 uis
1103 765 1406 809 Demaenetum,

64 838 129 874 355
151 826 269 874 quem
291 840 363 876 ego
384 828 489 874 noui,
508 829 688 866 adduce:
717 836 922 878 argentum
944 842 1024 867 non
1046 827 1230 866 morabor
1245 827 1340 878 quin
1363 828 1488 866 feras.'

149 902 221 939 ego
243 903 306 929 me
328 890 504 930 dixeram
526 894 792 932 adducturum
814 900 853 931 et
875 906 938 931 me
959 893 1069 932 domi
1090 902 1246 944 praesto
1267 895 1373 942 fore3

151 953 214 992 ille
235 953 273 991 in
295 954 470 993 balineas
491 955 642 1002 iturust,
665 956 759 995 inde
779 958 857 995 huc
878 956 1010 995 ueniet
1032 963 1179 1007 postea.
1505 971 1547 1004 90

152 1018 247 1069 quid
265 1033 370 1058 nunc
386 1020 525 1058 consili
542 1022 783 1071 captandum
800 1023 961 1060 censes?
981 1021 1079 1060 dice.
1118 1022 1178 1059 L1.
1203 1035 1265 1059 ern
1282 1020 1381 1059 istuc
1397 1035 1471 1071 ago

153 1097 233 1134 quo
254 1086 376 1123 modo
396 1093 558 1135 argento
579 1085 834 1124 interuortam
855 1094 893 1124 et
913 1087 1172 1125 aduentorem
1196 1094 1234 1125 et
1255 1087 1452 1125 Sauream.

66 1152 136 1196 360
154 1149 229 1187 iam
252 1151 329 1189 hoc
350 1163 449 1200 opus
471 1158 529 1189 est
549 1159 756 1190 exasceato
771 1166 780 1199 3
810 1165 902 1190 nam
923 1151 955 1190 si
980 1151 1044 1189 ille
1064 1159 1269 1202 argentum
1290 1151 1397 1201 prius

154 1215 298 1264 hospes
319 1216 397 1253 huc
417 1217 554 1262 adfert,
577 1216 768 1254 continuo
789 1230 861 1255 nos
881 1217 1002 1256 ambo
1023 1216 1168 1256 exclusi
1190 1230 1336 1255 sumus.

154 1293 245 1318 nam
268 1294 330 1319 me
352 1280 472 1319 hodie
493 1295 612 1319 senex
632 1281 786 1320 seduxit
806 1283 934 1320 solum
956 1295 1109 1321 sorsum
1129 1282 1181 1320 ab
1200 1281 1377 1329 aedibuS,
1509 1300 1549 1332 95

155 1344 252 1383 mihi
273 1344 423 1395 tibique
444 1345 736 1384 interminatust
756 1360 826 1385 nos
848 1348 999 1385 futuros
1020 1348 1184 1394 ulmeos,

155 1411 196 1448 n1'
216 1410 335 1448 hodie
356 1410 577 1461 Argyrippo
597 1410 746 1461 argenti
767 1410 898 1449 e'ssent
918 1411 1056 1462 uiginti
1078 1412 1232 1460 minae;

66 1477 132 1522 365
155 1474 265 1513 iussit
286 1476 348 1513 uel
370 1488 442 1513 nos
462 1474 673 1514 atriensem
694 1477 758 1514 uel
779 1489 851 1514 nos
872 1490 1033 1515 uxorem
1054 1490 1165 1514 suam

154 1541 372 1587 defrudare,
396 1541 492 1580 dixit
513 1555 599 1581 sese
620 1542 781 1591 operam
802 1541 1035 1592 promissam
1059 1543 1163 1581 dare.

155 1619 261 1644 nunc
281 1614 323 1644 tu
349 1606 414 1644 abi
437 1608 488 1645 ad
516 1608 644 1646 forum
668 1608 720 1646 ad
744 1621 853 1646 erum
881 1615 919 1646 et
943 1621 1056 1646 narra
1079 1609 1177 1647 haec
1202 1616 1244 1647 ut
1268 1622 1340 1648 nos
1367 1607 1491 1648 acturi
1514 1622 1580 1646 100

1330 1688 1466 1714 sumus
1483 1689 1490 1713 :

154 1743 193 1775 te
213 1750 259 1775 ex
280 1737 460 1776 Leonida
479 1739 652 1777 futurum
673 1753 759 1778 esse
779 1739 988 1778 atriensem
1010 1741 1208 1786 Sauream,

156 1803 252 1841 dum
276 1811 480 1853 argentum
505 1805 655 1844 adferat
682 1813 875 1844 mercator
895 1805 964 1855 pro
985 1804 1114 1843 asinis.
1176 1807 1246 1843 LE.
1279 1805 1420 1844 faciam
1447 1814 1490 1845 ut

1364 1871 1486 1910 iubes.

69 1945 138 1980 370
157 1933 216 1970 L1.
249 1947 321 1984 ego
342 1933 451 1972 illum
473 1934 621 1974 interea
641 1936 704 1975 hic
725 1937 947 1984 oblectabo,
974 1937 1070 1988 priu'
1091 1937 1122 1975 si
1143 1938 1242 1975 forte
1261 1936 1476 1975 aduenerit.

157 1999 228 2036 LE.
260 1999 356 2048 quid
386 1999 472 2038 ais?
534 2003 593 2038 L1.
627 2002 722 2051 quid
753 2002 842 2041 uis?
909 2005 979 2041 LE.
1012 2017 1147 2054 pugno
1178 2004 1321 2040 malam
1356 2002 1387 2040 si
1419 2002 1490 2041 tibi

1248 2081 1487 2118 percussero,

160 2141 250 2167 mox
270 2142 390 2179 quom
413 2131 599 2169 Sauream
622 2131 815 2179 imitabor,
838 2141 979 2172 caueto
1000 2148 1050 2172 ne
1071 2146 1311 2180 suscenseas.
1514 2147 1572 2180 ¹05

203 2233 267 2271 348
291 2243 327 2262 se
345 2233 527 2273 Aciclalius,
542 2234 680 2274 Bentley.
697 2236 818 2274 quibus
834 2238 941 2268 minas
957 2237 1097 2278 displicet
1114 2238 1166 2278 (qfi
1184 2249 1236 2269 me
1255 2237 1342 2279 [me]
1360 2249 1388 2270 v.
1408 2240 1489 2279 343)

160 2285 223 2313 349
237 2280 310 2315 post
324 2286 388 2315 350
405 2277 469 2308 cod.
490 2289 496 2307 :
522 2289 601 2310 corr.
622 2279 796 2309 Acidalius
884 2282 947 2320 356
972 2282 1040 2311 dixi
1064 2292 1158 2312 erum
1176 2281 1369 2314 Aa'dalius:
1397 2284 1487 2314 dixe—

162 2329 230 2348 ram
242 2319 309 2351 cod.
700 2324 764 2361 358
789 2324 841 2354 dic
859 2325 922 2354 cod.
1008 2327 1074 2364 360
1090 2331 1303 2356 exasceatum
1323 2326 1387 2357 cod.
1402 2328 1438 2367 (i.
1452 2327 1487 2366 9}

160 2363 223 2400 364
248 2373 317 2402 arg.
331 2369 449 2395 essent
462 2366 527 2404 uig.
542 2366 718 2396 Fleckeisen
736 2379 742 2397 ε
767 2373 883 2398 essent
897 2368 962 2406 uig.
977 2379 1047 2407 arg.
1063 2368 1128 2399 cod.
1200 2370 1263 2406 366
1287 2370 1488 2408 promiscam

160 2404 348 2437 Palmen‘us
363 2418 369 2436 :
400 2410 598 2447 promissam
625 2409 690 2440 cod.
707 2421 712 2439 ε
748 2411 948 2450 promissum
973 2411 1149 2442 Haeberlin
1176 2412 1308 2449 (Philol.
1336 2415 1389 2452 56,
1412 2414 1487 2453 162)

161 2450 226 2488 369
248 2450 298 2480 vel
311 2451 357 2480 uti
447 2461 510 2491 372
535 2452 691 2484 imitabor
708 2453 871 2485 Sauream
890 2454 1072 2493 Fleckeisen,
1092 2456 1146 2486 cui
1160 2455 1316 2487 imitabor
1331 2456 1467 2497 displicet
