1727 2712
596 66 974 106 CISTELLARIA
1379 65 1446 101 IV.
1469 63 1498 100 ii

112 189 243 221 tecum
265 182 358 220 uolo
379 195 385 218 :
416 179 563 219 sociam
585 187 623 217 te
644 178 741 216 mihi
760 178 910 227 adopto
930 177 981 216 ad
1003 189 1131 215 meam
1153 177 1329 215 salutem.

28 255 93 292 745
117 249 196 286 ΗΑ.
229 246 325 298 quid
347 246 447 284 istuc
474 244 607 295 negoti
634 245 724 283 est?
752 250 819 282 aut
835 242 922 293 quis
940 244 1010 281 es?
1041 244 1115 280 PH.
1148 255 1220 292 ego
1242 255 1327 280 sum
1349 240 1450 279 illius

1316 314 1447 351 mater,

113 391 214 428 quae
247 378 344 416 haec
377 375 585 427 gestitauit.
659 376 738 413 HA.
772 372 901 411 hicine
937 381 977 411 tu
1008 386 1100 422 ergo
1134 371 1316 410 habitas?
1374 373 1446 408 PH.
1470 378 1512 409 80

1249 436 1448 476 hariolare.

165 508 235 546 sed
255 519 414 557 quaeso,
436 505 634 555 ambages,
656 503 807 549 mulier,
830 502 940 541 mitte
961 509 1080 552 atque
1100 503 1176 540 hoc
1196 514 1276 552 age.

166 574 362 622 eloquere,
385 571 491 609 unde
512 572 610 608 haec
632 577 722 608 sunt
743 568 825 614 tibi,
849 567 938 615 cito,
963 566 1188 618 crepundia.

170 639 248 676 HA.
282 649 370 675 mea
390 637 488 674 haec
509 635 611 674 erilis
631 633 829 686 gestitauit
850 632 938 671 filia.

28 712 96 749 750
169 704 238 740 LA.
272 700 458 747 mentiris,
481 713 574 738 nam
595 713 684 738 mea
703 697 911 749 gestitauit‚
935 710 1016 736 non
1037 705 1113 736 tua.

170 769 243 805 PH.
276 780 325 805 ne
346 767 573 816 obloquere.
634 766 704 802 LA.
730 771 853 802 taceo.
906 764 979 800 PH.
1005 763 1153 809 mulier,
1171 775 1288 811 perge
1309 762 1448 800 dicere.
1472 767 1512 808 85

168 831 235 870 ubi
257 845 303 870 ea
323 838 380 870 est
401 843 502 881 quae
527 829 757 880 gestitauit?
814 829 895 866 ΗΑ.
928 827 992 865 hic
1013 827 1051 865 in
1073 840 1273 877 proxumo.
1324 863 1326 865 ,

171 898 244 934 PH.
277 896 362 934 istic
384 895 545 946 quidem
568 895 711 944 edepol
732 892 810 932 mei
831 892 903 931 uir1'
924 892 1073 930 habitat
1093 905 1221 942 gener.

171 962 241 999 LA.
273 975 322 999 ne
343 961 560 1010 obloquere
581 972 703 997 rusus.
765 960 839 996 PH.
872 970 988 1008 perge
1009 970 1124 1007 porro
1145 956 1284 995 dicere.

31 1035 95 1073 755
170 1034 266 1076 quot
285 1039 411 1064 annos
433 1033 524 1063 nata
544 1023 715 1063 dicitur?
773 1024 853 1061 HA.
887 1021 1181 1072 septemdecim.

172 1093 245 1129 PH.
278 1104 365 1129 mea
385 1098 453 1128 est.
515 1091 585 1128 LA.
618 1096 727 1127 east:
757 1086 816 1140 u<t
837 1086 1040 1139 numer>us
1060 1099 1253 1125 annorum
1275 1085 1413 1124 attulit.
1473 1097 1514 1129 90

172 1157 252 1194 HA.
285 1156 413 1206 quid?
442 1154 610 1207 qua<esti
631 1161 781 1205 partem
804 1152 1026 1204 dimid)iam
1049 1165 1194 1202 quaero
1215 1164 1354 1189 meam.

171 1223 241 1259 LA.
273 1229 312 1259 at
332 1220 414 1273 po<l
436 1234 519 1270 ego,
543 1219 732 1270 quoniam
754 1217 849 1269 tres>
870 1226 970 1265 sunt,
995 1230 1141 1268 quaero
1162 1216 1325 1255 tertiam.

171 1288 245 1324 PH.
278 1286 387 1335 quod
409 1284 689 1335 quaeritabam,
714 1284 834 1322 filiam
858 1283 991 1321 inueni
1015 1295 1154 1320 meam.

31 1357 98 1399 760
172 1352 252 1388 HA.
283 1363 454 1399 aequom
476 1358 533 1387 est
552 1348 726 1401 (reponi)
745 1362 813 1398 per
834 1349 953 1386 fidem
976 1348 1083 1397 quod
1101 1346 1292 1384 creditum
1314 1353 1382 1392 est,

169 1428 218 1453 ne
239 1415 340 1453 bene
361 1414 525 1452 merenti
547 1414 594 1452 sit
615 1414 719 1451 malo
737 1412 966 1463 benignitas.
1473 1421 1514 1453 95

170 1487 302 1518 nostra
322 1481 419 1518 haec
439 1480 600 1517 alumna
620 1486 692 1525 est,
713 1486 779 1516 tua
800 1478 977 1528 profecto
999 1476 1076 1514 filia
1093 1492 1099 1515 :

171 1552 208 1583 et
229 1545 428 1583 redditura
448 1552 506 1582 est
527 1552 634 1582 tuam
656 1543 738 1589 tibi,
763 1550 801 1581 et
821 1556 867 1581 ea
887 1542 1007 1592 gratia

172 1610 294 1648 domo
314 1610 490 1659 profecta
510 1616 578 1647 est.
639 1615 812 1646 ceterum
835 1620 880 1645 ex
901 1607 995 1656 ipsa,
1018 1619 1196 1656 opsecro,

33 1679 97 1722 765
173 1674 462 1725 exquaeritote:
493 1687 565 1724 ego
586 1687 699 1712 serua
720 1687 818 1712 sum.
880 1675 954 1711 ΡΗ.
986 1686 1155 1723 aequom
1178 1673 1362 1722 postulas.

174 1742 254 1778 HA.
286 1739 388 1777 illius
410 1739 482 1788 ego
504 1739 628 1777 istanc
649 1752 735 1777 esse
759 1740 864 1777 malo
885 1738 1058 1788 gratiam.
1480 1745 1541 1768 100

171 1806 242 1843 sed
262 1805 386 1843 istanc
406 1805 596 1843 cistellam
618 1812 655 1842 te
676 1817 841 1854 opsecro
862 1812 903 1842 ut
924 1805 1065 1842 reddas
1087 1802 1193 1841 mihi.

174 1872 247 1908 PH.
271 1869 367 1919 quid
381 1870 432 1916 fit,
451 1869 672 1919 Lampadio
688 1870 704 1907 ?
754 1870 823 1907 LA.
848 1870 955 1918 quod
973 1876 1083 1907 tuom
1102 1876 1158 1906 est
1176 1876 1309 1906 teneas
1330 1875 1451 1905 tuom.

175 1936 247 1972 Pu.
280 1942 318 1972 at
340 1947 402 1971 me
424 1933 538 1971 huius
560 1933 726 1971 miseret.
788 1934 857 1971 LA.
891 1933 945 1971 sic
966 1933 1194 1971 faciundum
1217 1945 1360 1969 censeo
1380 1947 1386 1969 :

36 2014 103 2050 770
174 2001 224 2038 da
244 1999 306 2037 isti
327 1999 516 2038 cistellam
537 2006 575 2036 et
596 1998 697 2036 intro
717 1997 781 2036 abi
801 2011 891 2036 curn
913 1998 1008 2036 istac
1029 1999 1165 2035 semul.

167 2111 227 2142 745
251 2102 327 2141 quis
344 2107 395 2132 est
413 2100 476 2132 cod.
569 2110 630 2140 753
649 2101 697 2131 vel
710 2100 769 2131 Isti
837 2101 1009 2132 habitabat
1027 2100 1154 2131 Schoell
1212 2098 1456 2140 Lampadionis

125 2146 216 2176 :verba
235 2146 282 2179 aiu
299 2156 406 2183 gener
422 2145 600 2175 desinentia
613 2146 638 2182 33·
657 2144 847 2174 intercidisse
863 2144 958 2175 credit
976 2144 1187 2175 Camerarius
1261 2145 1324 2182 756
1347 2143 1450 2183 suppl.

125 2189 355 2219 Camerarius:
387 2190 497 2218 uiuam
524 2199 555 2218 n.
584 2187 648 2217 Leo
786 2197 846 2227 757
868 2188 975 2228 suppl.
999 2187 1127 2218 Schocll
1258 2187 1320 2225 758
1345 2187 1450 2227 suppl.

123 2232 248 2262 Schoell
263 2245 270 2263 ε
294 2238 326 2263 at
344 2231 419 2273 p0<1
438 2242 512 2270 ego,
533 2241 632 2270 quom
650 2231 735 2261 duae
748 2230 892 2273 ad)sunt
910 2231 1033 2271 Ussing
1166 2231 1228 2270 760
1254 2240 1324 2269 rep.
1345 2230 1451 2270 suppl.

123 2274 189 2306 Leo
320 2277 381 2314 762
405 2275 537 2305 alumna
558 2273 651 2304 Valla
671 2286 677 2305 ι
702 2274 870 2305 calumnia
887 2274 950 2305 cod.
1053 2278 1129 2314 post
1145 2274 1232 2303 hunc
1250 2284 1278 2304 1¹.
1297 2274 1453 2303 lacunam

123 2320 207 2360 sign.
235 2318 372 2358 Seyffert
522 2319 584 2357 766
609 2319 715 2349 istanc
740 2328 815 2348 esse
842 2318 1073 2348 Camerarius:
1108 2317 1205 2348 istam
1229 2326 1370 2347 necesse
1385 2316 1449 2349 cod.

126 2371 188 2402 770
210 2362 260 2393 vel
273 2362 314 2393 da
334 2363 407 2392 istic
