1727 2712
586 91 942 129 MENAECHMI

106 209 219 246 MEN‚
252 205 402 244 dictum
425 204 602 250 facessas,
626 204 763 242 datum
785 201 879 248 edis,
902 213 1042 238 caueas
1064 200 1179 237 malo.

19 285 87 323 250
104 273 291 310 molestus
313 284 362 308 ne
383 268 446 316 sis,
469 282 549 307 non
571 276 639 306 tuo
660 268 736 305 hoc
757 268 823 304 fiet
845 266 976 304 modo.
1037 266 1142 303 Mus.
1174 265 1262 302 em!

103 337 193 376 illoc
213 335 319 375 enirn
340 335 463 373 uerbo
484 347 569 372 esse
590 346 654 371 me
674 345 829 370 seruom
851 330 943 369 scio.

101 416 182 440 non
203 400 330 452 potuit
350 399 485 450 paucis
506 400 617 449 plura
638 399 753 447 plane
773 394 989 446 proloquei.

102 481 239 506 uerum
260 474 393 504 tamen
414 464 571 515 nequeo
592 462 784 502 contineri
805 461 900 511 quin
921 462 1068 511 loquar,

101 532 233 580 audin,
258 531 554 570 Menaechme?
582 542 703 579 quom
725 526 891 577 inspicio
912 525 1192 577 marsuppium,

19 614 83 652 255
103 597 275 636 uiaticati
296 598 425 635 hercle
445 596 665 634 admodum
686 592 834 631 aestiue
855 605 1000 630 sumus.

102 677 151 702 ne
172 670 213 701 tu
235 663 378 709 hercle,
399 660 550 711 opinor,
574 659 647 697 nisi
669 660 833 697 domum
855 656 1071 704 reuorteris‚

101 728 169 770 :lbi
189 728 286 766 nihil
306 726 484 772 habebis,
507 724 708 775 geminum
730 724 824 762 dum
847 722 1012 773 quaeris,
1035 734 1182 772 gemes.

102 808 193 832 nam
213 793 266 832 ita
286 800 344 831 est
364 793 462 830 haec
483 789 691 829 hominum
712 788 819 827 natio
836 803 842 826 τ
874 787 913 825 in
936 784 1208 838 Epidamnieis

102 858 311 910 uoluptarii
330 865 449 907 atque
471 863 669 906 potatores
691 852 887 891 maxumei
903 868 914 900 3

18 929 85 964 260
101 932 185 964 tum
206 924 473 974 sycophantae
494 929 532 959 et
552 921 773 971 palpatores
795 917 989 969 plurumei

100 990 140 1028 in
161 990 257 1028 urbe
277 990 351 1027 hac
372 986 551 1026 habitant
568 1001 578 1033 3
608 993 692 1023 tum
714 983 936 1022 meretrices
958 982 1140 1021 mulieres

101 1069 296 1106 nusquam
317 1053 573 1104 perhibentur
592 1049 817 1089 blandiores
838 1048 1025 1099 gentium.

100 1128 306 1172 propterea
325 1118 417 1157 huic
439 1117 549 1156 urbei
570 1129 719 1154 nomen
741 1114 968 1164 Epidamno
988 1112 1206 1158 inditumst,

101 1185 193 1237 quia
213 1199 332 1224 nemo
352 1186 473 1222 ferme
494 1184 571 1220 huc
593 1181 676 1219 sine
698 1181 845 1218 damno
866 1178 1095 1217 deuortitur.

1379 89 1468 127 111

1457 275 1494 307 ²5

1454 603 1498 636 30

1457 921 1496 956 35

18 1257 82 1302 265
103 1253 219 1290 MEN.
250 1264 323 1301 ego
344 1250 443 1288 istuc
465 1247 628 1287 cauebo.
689 1245 887 1283 cedodum
909 1245 987 1281 huc
1008 1242 1103 1280 mihi
1130 1240 1409 1291 marsuppium.
1454 1254 1496 1280 40

103 1319 207 1355 MEs.
240 1316 337 1366 quid
353 1329 401 1354 eo
419 1314 530 1352 ueis?
590 1314 706 1350 ΜΕΝ.
739 1310 815 1348 iam
832 1322 901 1359 aps
918 1317 956 1347 te
974 1315 1107 1346 metuo
1124 1308 1174 1346 de
1196 1306 1325 1344 uerbis
1347 1305 1432 1344 tuis.

102 1383 205 1420 MEs.
239 1381 335 1431 quid
357 1378 528 1419 metuis?
586 1379 700 1415 MEN.
734 1389 784 1414 ne
806 1374 903 1412 mihi
919 1375 1110 1412 damnum
1133 1371 1172 1410 in
1191 1371 1417 1421 Epidamno

101 1510 141 1540 tu
163 1500 284 1552 magis
305 1507 456 1538 amator
476 1497 683 1536 mulierum
706 1509 760 1543 es,
783 1493 996 1540 Messenio,

99 1580 173 1617 ego
192 1574 325 1605 autem
345 1566 467 1604 homo
487 1563 709 1608 iracundus,
732 1559 853 1599 animi
873 1558 1039 1609 perditi,

16 1647 82 1681 270
99 1631 139 1671 id
161 1639 382 1681 utrumque,
405 1636 609 1679 argentum
631 1627 794 1677 quando
815 1625 983 1670 habebo,
1007 1636 1162 1670 cauero,

98 1711 148 1737 ne
168 1705 210 1736 tu
231 1696 438 1746 delinquas
459 1707 560 1732 neue
581 1706 653 1743 ego
674 1691 816 1729 irascar
836 1689 917 1728 tibi.

100 1764 205 1801 MEs.
237 1776 333 1812 cape
354 1769 472 1810 atque
493 1771 616 1797 serua.
676 1770 738 1794 me
759 1755 920 1793 lubente
942 1752 1087 1792 feceris.

1334 1435 1432 1475 duis.

1452 1632 1494 1664 45

112 1873 442 1912 CYLiNDRvs
542 1869 946 1905 MENAECHMVS
979 1864 1020 1900 II
1121 1855 1477 1899 Messmsmii

102 1955 172 1993 (ΣΥ.
206 1955 314 1991 Bene
335 1950 527 2001 opsonaui
547 1958 666 2000 atque
687 1962 733 1987 ex
754 1961 841 1986 mea
862 1943 1067 1990 sententia,

101 2020 250 2058 bonum
271 2025 509 2066 anteponam
533 2014 742 2065 prandium
764 2011 1028 2064 pransoribus

143 2127 207 2156 250
224 2117 283 2156 fiat
299 2116 332 2146 A
396 2115 445 2147 vel
460 2116 536 2146 hem
629 2123 688 2152 251
716 2111 806 2143 enim
829 2114 1010 2152 suspectum
1102 2118 1165 2147 253
1190 2107 1239 2138 vel
1257 2106 1433 2136 continere

101 2171 164 2201 255
187 2161 307 2192 aestiui
332 2160 365 2190 A
474 2159 537 2198 256
561 2156 610 2187 vel
630 2157 731 2196 opino
805 2154 1009 2186 reuortereis
1026 2152 1058 2182 A
1151 2161 1213 2189 257
1239 2159 1380 2190 quaeres
1397 2148 1431 2178 A

101 2206 163 2244 258
189 2204 280 2235 natio
303 2203 494 2243 epidamnia
515 2202 520 2241 l
543 2201 629 2231 Nam
650 2201 695 2230 ita
714 2205 766 2230 est
788 2199 850 2230 hec
868 2199 1039 2229 hominum
1058 2196 1090 2226 P
1212 2196 1276 2224 260
1299 2194 1387 2233 pluri
1404 2192 1437 2222 Ρ

99 2250 162 2287 264
180 2258 245 2287 qua
262 2247 293 2276 A
357 2247 432 2278 sine
451 2247 571 2276 damno
589 2245 654 2274 huc
671 2244 701 2273 A
794 2245 858 2282 265
876 2242 958 2272 mihi
975 2242 1039 2270 huc
1051 2240 1083 2270 Ρ
1170 2239 1296 2268 266-81
1311 2237 1434 2277 priores

95 2296 205 2332 partes
219 2292 375 2331 leguntur
398 2290 431 2320 A
569 2289 629 2326 267
656 2287 729 2317 duis
745 2286 948 2317 Beroaldus:
979 2285 1040 2314 dus
1056 2282 1095 2321 P,
1115 2282 1147 2311 A
1168 2293 1200 2312 n.
1219 2281 1238 2312 l.
1260 2281 1347 2321 [dias
1364 2279 1431 2319 32)

100 2337 163 2366 268
187 2345 329 2373 magnus
350 2333 382 2363 Ρ
512 2333 575 2370 269
599 2330 766 2361 iracundis
783 2330 888 2360 P(-is
907 2334 967 2369 pro
990 2338 1062 2361 —us;
1097 2327 1140 2356 vi.
1167 2326 1198 2366 Ι)
1311 2323 1431 2363 perciti

100 2379 230 2419 Lispsins
356 2387 421 2415 270
444 2376 577 2407 habebo
594 2373 754 2414 Byladcs:
780 2373 887 2404 habeo
901 2372 941 2411 P,
958 2372 989 2402 A
1011 2382 1041 2401 nr
1061 2371 1081 2401 l.
1211 2379 1272 2407 272
1298 2368 1432 2398 iubente

100 2422 140 2462 P,
158 2423 190 2452 A
211 2434 242 2454 n.
262 2422 283 2453 l.
