1727 2702
61 94 206 133 111.iv
584 93 630 130 T.
665 90 845 131 MACCI
877 90 1080 128 PLAVTI

78 219 139 242 120
163 206 241 242 HF..
275 202 374 241 satin
398 203 488 241 med
510 201 563 240 illi
585 200 705 240 hodie
726 198 877 238 scelesti
899 198 1002 249 capti
1024 205 1211 249 ceperunt
1231 199 1358 237 dolo?

159 269 236 307 illic
256 281 411 307 seruom
434 281 474 306 se
495 265 769 312 adsimulabat,
793 264 856 303 hic
877 277 962 302 sese
981 271 1112 302 autem
1135 263 1311 302 liberum.

158 335 370 372 nuculeum
391 331 516 378 amisi,
539 330 677 380 reliqui
698 328 847 380 pigneri
868 327 1082 378 putamina.
1512 329 1578 375 655

158 399 211 437 ita
231 397 326 436 mihi
347 397 491 435 stolido
512 409 646 434 susum
668 408 827 433 uorsum
849 407 892 432 os
913 394 1119 432 subleuere
1139 393 1301 431 offuciis.

159 463 385 513 hicquidem
403 475 466 500 me
483 474 700 511 numquam
715 458 910 498 inridebit.
938 459 1128 509 Colaphe,
1145 458 1344 506 Cordalio,
1355 459 1495 505 Corax,

80 539 139 572 125
160 529 211 567 ite
232 527 356 575 istinc,
379 528 522 566 ecferte
543 528 634 565 lora.

676 614 977 653 COLAPHvs

656 691 764 727 Num
785 688 975 739 lignatum
997 687 1217 726 mittimur?

111 791 141 816 v
229 776 415 813 Hnoro
525 775 832 810 TYNDARVS
943 773 1425 808 ARISTOPHONTES

163 852 243 889 HE.
278 849 418 888 Inicite
438 849 530 887 huic
551 847 725 886 manicas
747 846 982 897 *mastigiae

160 917 233 954 Τγ.
265 915 361 966 quid
381 916 458 952 hoc
479 913 537 952 est
557 912 720 963 negoti?
748 912 845 962 quid
866 926 940 962 ego
960 911 1141 962 deliqui?
1199 913 1279 949 HE.
1312 924 1435 961 rogas,
1514 916 1586 950 660

160 989 264 1020 sator
284 988 485 1030 sartorque
505 980 697 1017 scelerum
718 985 757 1016 et
778 991 928 1016 messor
948 979 1161 1016 maxume?

158 1048 230 1084 Τγ.
264 1059 344 1084 non
366 1052 588 1084 occatorem
609 1043 741 1082 dicere
761 1043 937 1082 audebas
958 1043 1096 1093 prius?

121 1122 138 1154 5
159 1125 249 1150 nam
272 1124 426 1162 semper
445 1117 587 1148 occant
607 1108 704 1160 priu'
726 1122 844 1159 quam
866 1108 1013 1147 sariunt
1034 1107 1176 1146 rustici.

161 1179 241 1215 HE.
273 1175 404 1229 at<tat)
425 1182 467 1214 ut
487 1175 734 1214 confidenter
754 1174 850 1212 mihi
871 1181 1008 1212 contra
1027 1173 1146 1212 astitit
1164 1176 1171 1211 !

158 1245 231 1281 Tv.
264 1243 378 1281 decet
400 1243 653 1280 innocentem
675 1241 871 1278 seruolum
893 1247 1011 1289 atque
1032 1238 1235 1277 innoxium
1515 1239 1584 1282 665

160 1308 428 1346 confidentem
449 1319 546 1352 esse,
569 1318 683 1343 suom
704 1306 810 1355 apud
835 1317 943 1343 erum
965 1303 1239 1354 potissumum.

165 1374 243 1411 HE.
276 1371 476 1422 astringite
498 1370 559 1408 isti
581 1370 691 1408 sultis
714 1371 970 1408 uehementer
995 1382 1145 1407 manus.

104 1455 144 1478 10
161 1440 234 1476 ΤΥ.
268 1445 356 1476 tuos
377 1450 474 1483 sum,
498 1444 539 1474 tu
561 1437 630 1474 has
651 1435 814 1485 quidem
836 1435 898 1473 uel
920 1433 1090 1485 praecidi
1113 1433 1214 1472 iube.

161 1505 231 1542 sed
252 1502 348 1553 quid
368 1501 500 1552 negoti
521 1503 608 1540 est?
636 1500 894 1550 quamobrem
917 1512 1121 1537 suscenses
1141 1498 1266 1537 mihi?

163 1571 244 1607 HE.
275 1567 368 1619 quia
389 1581 451 1606 me
472 1580 681 1616 meamque
701 1579 796 1612 rem,
817 1566 926 1615 quod
947 1564 986 1603 in
1008 1572 1046 1603 te
1067 1577 1146 1602 uno
1167 1563 1249 1611 fuit,
1517 1569 1587 1612 670

161 1634 238 1672 tuis
258 1632 443 1678 scelestis,
467 1630 652 1670 falsidicis
674 1629 835 1669 fallaciis

161 1697 432 1738 delacerauisti
453 1695 789 1746 deartuauistique
809 1708 915 1745 opes.

107 1775 143 1807 15
162 1762 366 1803 confecisti
387 1761 516 1800 omnis
537 1775 596 1799 res
616 1774 661 1798 ac
683 1760 851 1798 rationes
873 1773 1003 1798 meas:

165 1829 217 1867 ita
238 1828 290 1866 mi
312 1826 488 1866 exemisti
513 1826 775 1864 Philocratem
798 1825 969 1863 fallaciis.

165 1894 273 1932 illum
295 1906 381 1931 esse
400 1904 555 1930 seruom
577 1890 740 1931 credidi.
761 1898 799 1928 te
821 1890 986 1928 liberum
1005 1904 1015 1937 ;
1516 1886 1583 1930 675

165 1959 218 1997 ita
238 1965 392 1996 uosmet
411 1956 575 1995 aiebatis
597 1955 728 2005 itaque
749 1955 911 1993 nomina

210 2064 274 2100 655
299 2060 420 2091 retinui
446 2064 482 2090 ut
504 2059 566 2090 vid.
588 2059 742 2089 Donatus
759 2059 897 2099 Adelph.
919 2068 949 2097 5,
964 2068 994 2097 3,
1013 2069 1051 2090 10
1068 2059 1144 2095 (scd.
1165 2059 1201 2098 cf:
1221 2058 1328 2089 Harv.
1348 2057 1444 2089 stud.
1467 2069 1498 2097 9,

172 2108 246 2144 127)
336 2105 400 2143 658
425 2104 525 2134 istinc
540 2102 675 2134 Gna-tus
693 2115 699 2133 :
726 2103 824 2133 istinc
837 2101 972 2144 [atque]
986 2103 1053 2133 cod.
1069 2103 1120 2141 (cf
1134 2101 1267 2133 adAnl.
1283 2103 1361 2141 784)
1377 2113 1382 2133 :
1411 2102 1497 2132 istim

168 2155 270 2188 atque
287 2148 487 2178 Lachmann
619 2149 684 2186 659
707 2145 928 2189 (maxumas)
945 2151 1040 2176 mast.
1061 2145 1202 2185 Spengel
1301 2147 1362 2175 661
1390 2151 1499 2176 sartor

168 2198 325 2231 satorque
337 2191 426 2222 codd.
441 2191 571 2230 Nonii7
586 2191 662 2230 (s.v.
678 2190 841 2231 sartores)
930 2191 994 2220 662
1013 2190 1107 2228 prius
1121 2189 1267 2220 audebas
1280 2189 1394 2219 dicere
1407 2189 1495 2219 codd.

169 2236 272 2266 Nonii
421 2236 484 2272 664
508 2239 592 2265 attat
608 2234 786 2263 llernmnn
887 2234 966 2272 soti.
988 2233 1028 2263 mi
1048 2234 1147 2263 liomo
1163 2238 1280 2263 contra
1434 2235 1498 2271 665

169 2279 338 2310 seruolum
363 2278 487 2309 Bothe:
513 2287 645 2308 seruom
670 2276 733 2307 cod.
770 2277 805 2315 (ᾗῇ
827 2276 923 2308 Asin.
947 2287 1016 2316 arg.
1034 2287 1051 2315 4
1076 2286 1176 2306 seruo
1197 2281 1260 2316 pro
1280 2277 1437 2314 scruolo;
1467 2287 1495 2306 v.

169 2325 204 2361 8)
338 2323 402 2352 668
427 2327 501 2352 tuas
518 2332 548 2360 q.
569 2320 634 2352 cod.
656 2321 705 2359 (tu
725 2321 785 2350 lias
801 2332 831 2359 q.
847 2320 890 2358 J)
988 2322 1051 2358 672
1076 2320 1257 2350 deartuasti
1276 2320 1499 2350 dilacerauisti

169 2372 269 2407 atque
287 2376 370 2408 opes
387 2364 473 2395 codd.
495 2364 596 2394 Νοηιϊ
608 2374 650 2403 95
783 2366 845 2404 675
871 2364 961 2394 credi
980 2364 1045 2394 rod.
1067 2363 1208 2394 ‹credidi
1222 2363 1265 2402 J)
1283 2363 1342 2401 (iii.
1363 2364 1398 2403 3)
