1727 2712
699 130 1027 173 AVLVLARIA
1469 132 1522 173 ΙΙ.
1543 133 1574 172 ii

196 246 292 296 quid
318 259 425 285 nunc
453 259 516 284 me
543 245 632 284 uis?
689 247 772 284 ME.
804 244 994 295 quoniam
1022 252 1063 283 tu
1094 258 1157 283 me
1184 252 1221 283 et
1242 258 1315 295 ego
1336 252 1373 283 te
1400 245 1526 294 qualis
1544 258 1588 291 40

1358 310 1408 348 sis
1429 310 1523 358 scio,

194 388 296 425 quae
317 389 376 414 res
397 383 501 414 recte
522 384 650 415 uortat
671 375 848 425 mihique
869 374 1019 425 tibique
1040 382 1209 425 tuaeque
1230 375 1342 422 filiae,

195 440 312 478 filiam
337 448 444 479 tuam
467 441 519 479 mi
541 455 701 480 uxorem
722 454 855 491 posco.
915 440 1099 491 promitte
1120 441 1197 479 hoc
1218 441 1310 478 fore.

109 519 177 544 220
197 507 292 544 Evc.
326 506 424 553 heia,
450 508 677 557 Megadore,
699 508 777 545 hau
798 507 987 545 decorum
1008 505 1159 544 facinus
1181 505 1256 544 tuis
1277 505 1388 544 factis
1409 505 1515 553 facis,

194 579 236 609 ut
256 571 416 622 inopem
433 579 553 622 atque
569 571 772 611 innoxium
792 584 863 622 aps
884 578 921 610 te
937 578 1056 621 atque
1071 584 1141 621 aps
1162 570 1238 609 tuis
1261 584 1324 609 me
1345 570 1524 610 inrideas.

193 650 285 675 nam
301 638 352 676 de
366 645 403 676 te
424 651 555 688 neque
570 651 611 676 re
627 650 756 688 neque
769 636 900 675 uerbis
921 635 1046 674 me'rui
1059 635 1115 674 uti
1131 636 1277 675 faceres
1294 637 1402 686 quod
1419 635 1524 674 facis.
1547 647 1587 679 45

195 703 278 739 ME.
310 716 441 753 neque
461 703 604 753 edepol
625 715 697 753 ego
718 709 756 741 te
775 701 948 740 derisum
970 700 1089 740 uenio
1110 714 1239 751 neque
1260 700 1432 748 derideo,

193 781 324 818 neque
343 767 508 819 dignum
528 767 703 807 arbitror.
764 769 860 806 Evc.
893 780 967 817 qur
994 766 1108 817 igitur
1135 766 1265 817 poscis
1287 780 1416 805 meam
1437 779 1527 816 gna-

1326 839 1406 870 tam
1428 831 1527 870 tibi?

105 906 170 942 225
193 900 276 937 ΜΕ.
310 907 351 938 ut
372 907 531 950 propter
547 912 610 937 me
627 898 697 937 tibi
713 897 762 936 sit
779 898 918 937 melius
935 897 1111 948 mihique
1127 904 1286 948 propter
1306 896 1343 936 te'
1364 905 1402 936 et
1424 904 1522 936 tuos.

191 965 289 1003 Evc.
321 964 431 1003 uenit
451 965 527 1003 hoc
549 963 657 1012 mihi,
681 964 910 1015 Megadore,
934 963 974 1002 in
999 970 1185 1010 mentem,
1208 963 1275 1002 ted
1295 976 1381 1001 esse
1402 962 1525 1001 homi-

1233 1042 1323 1066 nem
1345 1027 1521 1076 diuitem,

187 1094 409 1143 factiosum,
428 1094 491 1134 me‘
512 1095 606 1133 item
627 1108 713 1134 esse
733 1094 938 1134 hominem
959 1107 1177 1145 pauperum
1198 1106 1503 1145 pauperrumum
1514 1108 1524 1141 ,-
1544 1108 1585 1139 50

188 1174 294 1200 nunc
315 1160 346 1199 si
368 1160 488 1198 filiam
509 1159 692 1199 locassim
713 1173 843 1198 meam
865 1159 947 1207 tibi,
970 1159 1009 1197 in
1031 1166 1206 1198 mentem
1227 1158 1337 1197 uenit

187 1234 226 1266 te
256 1227 402 1266 bouem
431 1239 517 1266 esse
544 1234 582 1265 et
612 1225 675 1264 me
701 1239 788 1265 esse
812 1227 1002 1265 asellum:
1032 1224 1100 1263 ubi
1127 1232 1259 1264 tecum
1286 1224 1522 1264 coniunctus

1411 1290 1518 1338 siem,

102 1369 171 1404 230
187 1357 256 1397 ubi
277 1371 378 1396 onus
399 1370 594 1408 nequeam
615 1357 712 1396 ferre
733 1356 886 1407 pariter,
908 1355 1056 1395 iaceam
1078 1369 1152 1406 ego
1171 1355 1305 1395 asinus
1326 1355 1365 1394 in
1386 1357 1480 1402 luto,

187 1430 229 1462 tu
251 1437 314 1462 me
335 1423 407 1462 bos
429 1422 551 1472 magis
572 1423 650 1461 hau
670 1421 854 1472 respicias
870 1429 1010 1472 gnatus
1027 1421 1139 1472 quasi
1156 1435 1375 1472 numquam
1392 1421 1500 1460 siem.

186 1496 225 1528 et
245 1496 283 1527 te
304 1496 390 1527 utar
409 1487 603 1538 iniquiore
624 1487 662 1526 e't
683 1489 785 1526 meu'
806 1500 869 1526 me
890 1488 989 1526 ordo
1009 1486 1186 1534 inrideat,
1539 1498 1578 1531 55

185 1553 369 1592 neutrubi
389 1553 559 1592 habeam
579 1552 719 1591 stabile
739 1552 949 1599 stabulum,
972 1552 1004 1591 si
1024 1552 1121 1603 quid
1140 1552 1286 1591 diuorti
1307 1554 1388 1591 fuat
1405 1567 1412 1590 :

184 1618 284 1657 asini
305 1633 368 1658 me
390 1618 632 1658 mordicibus
652 1617 846 1665 scindant,
870 1618 994 1657 boues
1015 1617 1215 1656 incursent
1235 1618 1431 1656 cornibus.

99 1694 163 1731 235
185 1685 262 1723 hoc
283 1698 469 1735 magnum
490 1692 548 1723 est
568 1684 769 1735 periclum,
792 1684 843 1722 ab
862 1683 982 1722 asinis
1002 1684 1053 1723 ad
1074 1683 1198 1722 boues
1220 1684 1505 1722 transcendere.

185 1750 268 1787 ΜΕ.
302 1763 422 1800 quam
441 1751 493 1789 ad
513 1750 660 1800 probos
680 1748 974 1799 propinquitate
994 1762 1184 1799 proxume
1205 1756 1242 1788 te
1263 1748 1497 1795 adiunxeris,

182 1822 262 1853 tam
278 1822 535 1865 optumumst.
577 1822 618 1853 tu
634 1814 914 1854 condicionem
930 1815 1033 1852 hanc
1049 1813 1195 1865 accipe,
1213 1815 1391 1853 ausculta
1407 1813 1514 1860 mihi,
1535 1821 1578 1853 60

182 1887 301 1930 atque
317 1893 405 1919 eam
425 1880 632 1931 desponde
654 1880 717 1919 mi.
779 1882 876 1919 Evc.
908 1887 948 1918 at
968 1879 1065 1918 nihil
1081 1886 1140 1919 est
1160 1879 1264 1919 dotis
1280 1880 1389 1930 quod
1410 1880 1513 1918 dem.

1220 1947 1303 1984 ΜΕ.
1335 1959 1385 1984 ne
1405 1946 1513 1985 duas.

183 2012 280 2050 dum
302 2013 424 2052 modo
444 2020 595 2051 morata
615 2019 719 2052 recte
739 2012 884 2060 ueniat,
906 2013 1043 2052 dotata
1062 2019 1121 2051 est
1141 2011 1244 2050 satis.

97 2086 166 2121 240
184 2078 282 2116 Evc.
314 2091 362 2117 eo
382 2077 484 2125 dico,
508 2091 558 2116 ne
579 2092 642 2116 me
663 2079 895 2117 thensauros
915 2077 1132 2128 repperisse
1152 2089 1324 2116 censeas.

184 2143 267 2180 ME.
309 2142 414 2191 noui,
455 2157 506 2182 ne
544 2144 699 2182 doceas.
759 2144 976 2194 desponde.
1055 2145 1153 2182 Evc.
1195 2143 1272 2180 fiat.
1332 2142 1402 2181 sed
1444 2155 1515 2192 pro

1325 2206 1512 2258 Iuppiter,

224 2321 285 2350 227
319 2316 431 2342 autem
454 2311 540 2342 Brix
673 2321 736 2351 232
771 2312 821 2342 vel
842 2311 919 2343 med
1052 2322 1115 2351 234
1148 2311 1352 2342 mordicibus
1378 2313 1516 2341 testatur

179 2353 310 2385 Nonius
330 2365 408 2394 139:
435 2356 603 2386 mordicus
620 2354 685 2385 cod.
777 2365 841 2395 235
865 2355 906 2386 ab
922 2355 1135 2386 Camerarius
1149 2366 1155 2385 :
1179 2365 1233 2386 me
1245 2355 1288 2386 ab
1300 2354 1366 2386 cod.
1383 2355 1442 2394 (iv.
1454 2355 1490 2395 2)
1506 2365 1513 2385 t

179 2398 235 2428 vix
248 2399 411 2438 periclum
428 2400 472 2430 mi
573 2399 637 2438 238
660 2399 694 2428 in
707 2409 814 2440 marg.
832 2409 894 2435 pro
911 2399 1048 2430 dederis
1065 2398 1129 2430 cod.
1149 2399 1264 2439 (gloss
1286 2398 1332 2429 ad
1345 2399 1444 2440 duas)
