1727 2702
111 93 187 130 ΙΙΙ.
209 93 256 130 iv
633 92 679 128 T.
714 89 894 130 MACCI
927 89 1130 127 PLAVTI

215 211 365 255 quanto
386 211 423 243 te
445 203 582 242 satiust
603 216 666 242 rus
686 202 820 252 aliquo
839 201 959 249 abire,
982 200 1036 240 ibi
1057 214 1152 248 esse,
1177 200 1229 240 ibi
1251 200 1385 240 uiuere

214 271 316 309 adeo
337 271 432 308 dum
455 268 556 307 illius
577 276 615 306 te
636 267 830 318 cupiditas
851 275 970 317 atque
990 279 1100 305 amor
1121 266 1282 305 missum
1304 265 1425 304 facit?

215 337 292 376 CH.
325 335 403 374 iam
433 334 593 373 dixisti?
650 335 722 372 EV.
754 332 844 372 dixi.
905 333 983 372 CH.
1016 333 1154 370 frustra
1182 331 1288 371 dixti.
1349 332 1425 369 hoc
1450 330 1545 369 mihi

1222 395 1542 434 certissumumst.

216 479 264 505 eo
284 467 460 513 domum,
484 472 633 516 patrem
654 471 773 514 atque
794 470 958 502 matrem
979 470 1021 501 ut
1042 475 1153 501 meos
1172 463 1349 508 salutem,
1371 468 1509 511 postea

157 543 194 577 75
216 534 317 571 clam
334 539 483 582 patrem
498 530 620 581 patria
634 531 708 568 hac
721 528 995 580 ecfugiam-aut
1010 527 1161 579 aliquid
1174 526 1325 577 capiam
1339 525 1546 565 consili.—
1565 525 1635 560 660
1684 547 1700 558 Ἰ,

217 598 290 635 Εν.
322 604 365 634 ut
384 595 569 646 corripuit
591 609 632 634 se
652 602 813 645 repente
833 601 953 644 atque
972 593 1068 633 abiit
1086 596 1092 630 1
1123 593 1201 631 heu
1223 591 1364 630 misero
1385 590 1481 629 mihi
1498 593 1504 628 ἕ

215 661 246 699 si
267 661 332 699 ille
350 659 499 707 abierit,
524 673 611 698 mea
631 661 777 697 sactum
799 672 938 697 omnes
958 658 1091 697 dicent
1112 670 1198 696 esse
1218 655 1382 707 ignauia.

215 733 402 764 certumst
423 738 663 775 praeconum
686 723 820 762 iubere
841 723 917 761 iam
939 730 1131 773 quantum
1152 728 1211 760 est
1231 719 1455 766 conducier,

216 791 284 841 qui
305 790 410 828 illam
431 790 679 840 inuestigent‚
696 789 763 839 qui
786 788 1000 827 inueniant.
1042 795 1131 839 post
1146 788 1197 825 ad
1218 793 1437 837 praetorem
1458 784 1548 824 ilico

156 864 198 894 80
217 856 294 902 ibo,
317 856 440 894 orabo
461 862 503 893 ut
523 854 796 904 conquistores
817 855 884 892 det
906 853 958 891 mi
980 852 1019 891 in
1041 852 1138 891 uicis
1158 851 1344 890 omnibus
1360 865 1370 898 ;
1566 855 1634 900 665
1699 874 1707 885 =

217 934 309 959 nam
331 920 426 959 mihi
447 919 501 958 nil
522 919 644 959 relicti
666 919 878 970 quicquam
899 919 1005 958 aliud
1027 918 1104 957 iam
1125 931 1211 957 esse
1231 917 1484 967 intellego.—

708 1119 944 1168 ACTVS
984 1118 1058 1166 IV

94 1225 198 1263 IV.i
629 1227 885 1264 DORIPPA
996 1225 1140 1263 SvRA

327 1316 403 1353 Do.
437 1313 637 1364 Quoniam
658 1327 680 1352 a
701 1313 786 1352 uiro
805 1314 856 1351 ad
878 1326 941 1352 me
960 1326 1024 1351 rus
1044 1311 1207 1351 aduenit
1227 1310 1388 1350 nuntius

326 1393 390 1418 rus
411 1393 491 1418 non
512 1379 668 1425 iturum,
690 1378 765 1417 feci
786 1391 858 1429 ego
879 1377 1080 1429 ingenium
1102 1390 1247 1425 meum,

326 1444 472 1491 reueni‚
495 1452 537 1482 ut
556 1443 666 1482 illum
687 1456 899 1494 persequar
918 1443 985 1494 qui
1006 1456 1070 1481 me
1090 1442 1197 1493 fugit.

327 1511 397 1549 sed
417 1523 538 1548 anum
560 1522 641 1548 non
661 1509 781 1548 uideo
802 1508 991 1559 consequi
1013 1510 1187 1547 nostrum
1208 1508 1353 1557 Syram.
1569 1511 1640 1548 670

182 1594 199 1625 5
326 1584 446 1626 atque
466 1589 600 1614 eccam
622 1574 770 1613 incedit
791 1576 963 1613 tandem.
1023 1573 1118 1624 quin
1141 1573 1171 1611 is
1192 1572 1332 1611 ocius?

327 1643 392 1680 Sv.
425 1654 582 1691 nequeo
603 1647 807 1686 mecastor,
832 1647 985 1678 tantum
1007 1640 1084 1678 hoc
1104 1638 1250 1678 onerist
1271 1639 1379 1688 quod
1401 1639 1492 1676 fero.

330 1709 407 1745 Do.
440 1706 536 1757 quid
557 1705 716 1745 oneris?
773 1707 836 1744 Sv.
869 1718 995 1744 annos
1015 1704 1217 1755 octoginta
1236 1711 1274 1743 et
1294 1710 1479 1754 quattuor
1496 1717 1503 1742 :

328 1779 367 1811 et
387 1773 528 1810 eodem
550 1771 703 1810 accedit
724 1770 905 1818 seruitus,
925 1771 1054 1817 sudor,
1078 1769 1183 1808 sitis:

329 1837 446 1876 simul
466 1838 563 1875 haec
584 1850 686 1886 quae
707 1843 820 1886 porto
841 1835 1076 1886 deprimunt.
1138 1837 1214 1873 Do.
1245 1833 1394 1885 aliquid
1415 1833 1516 1871 cedo
1571 1835 1636 1880 675

167 1918 205 1941 10
332 1902 423 1953 †qui
445 1903 547 1940 hanc
568 1901 687 1940 uicini
710 1901 830 1940 nostri
851 1915 956 1940 aram
977 1905 1180 1951 augeam.†

329 1969 381 2006 da
401 1981 495 2005 sane
516 1969 618 2006 hanc
640 1967 787 2017 uirgam
809 1965 916 2005 lauri.
974 1965 1039 2004 abi
1061 1973 1101 2004 tu
1123 1965 1234 2003 intro.
1295 1965 1358 2002 Sv.
1390 1976 1506 2001 eo.—

332 2034 407 2071 Do.
441 2034 597 2082 Apollo,
622 2045 770 2082 quaeso
790 2039 828 2069 te
849 2038 890 2069 ut
911 2032 981 2070 des
1002 2044 1141 2081 pacem
1162 2029 1364 2080 propitius,

329 2099 495 2136 salutem
517 2105 555 2136 et
576 2097 782 2135 sanitatem
805 2104 961 2135 nostrae
981 2095 1161 2142 familiae,

332 2176 501 2213 meoque
522 2170 564 2200 ut
586 2175 721 2212 parcas
741 2169 860 2211 gnato
881 2175 978 2211 pace
998 2160 1199 2211 propitius.
1572 2155 1641 2191 630

264 2267 326 2296 661
354 2266 406 2295 hei
428 2265 491 2304 (ei)
512 2264 637 2295 Ritschl
752 2265 818 2295 666
843 2263 957 2295 relicui
975 2263 1137 2304 Angelius
1245 2262 1310 2292 668
1335 2261 1413 2291 ssexi
1435 2259 1559 2301 Ussing

222 2311 280 2348 671
311 2309 436 2339 incedit
455 2319 566 2339 eccam
583 2307 648 2339 cod.
667 2320 673 2338 :
697 2308 769 2338 trai.
791 2307 1000 2338 Camerarius
1101 2308 1166 2346 672
1190 2305 1238 2336 vel
1251 2309 1389 2336 onerest
1491 2305 1557 2343 676

222 2352 330 2393 (rite)
352 2363 397 2383 ar.
421 2352 545 2392 Ussing
649 2361 790 2390 augeam
818 2350 966 2382 Merula:
1001 2360 1158 2389 auger-am
1179 2349 1244 2380 cod.
1398 2349 1461 2388 677
1486 2347 1555 2388 abi]

225 2397 313 2426 abite
334 2395 442 2433 Goets,
461 2406 499 2425 ne
514 2405 625 2425 versus
641 2395 705 2424 ln'e!
836 2396 901 2425 680
925 2395 1024 2435 pace]
1043 2404 1144 2434 parce
1161 2392 1236 2423 ΡΟ)
