1727 2712
666 100 982 139 MERCATOR
1438 99 1485 135 V.
1506 98 1551 134 iv

164 208 236 247 Ev.
270 209 391 247 redde
418 207 482 247 illi.
545 211 619 247 DE.
652 209 725 247 sibi
756 210 908 257 habeat,
941 209 1017 247 iam
1046 217 1087 247 ut
1117 211 1200 248 uolt
1227 223 1294 260 per
1324 221 1387 246 me
1416 207 1490 246 sibi

1222 274 1366 312 habeat
1386 273 1486 311 licet.

76 350 146 386 990
165 340 235 376 Ev.
279 338 443 389 temperi
489 341 642 389 edepol,
684 340 871 390 quoniam
910 348 952 378 ut
989 340 1100 378 aliter
1143 339 1260 377 facias
1306 352 1387 376 non
1432 345 1491 376 est
1511 351 1551 381 30

1340 401 1486 452 copiae.

164 470 240 506 DE.
273 468 439 519 supplici
460 469 533 507 sibi
555 477 683 507 sumat
704 469 799 519 quid
821 471 903 508 uolt
924 470 1006 520 ipse
1027 470 1078 508 ob
1100 471 1202 507 hanc
1223 467 1415 514 iniuriam,

164 534 285 571 modo
304 547 444 583 pacem
464 533 613 571 faciatis
634 547 712 581 oro,
736 542 779 572 ut
799 548 849 572 ne
870 534 966 572 mihi
987 534 1104 572 iratus
1126 534 1207 572 siet.

163 598 195 636 si
215 599 345 637 hercle
365 598 567 636 sciuissem
589 598 672 636 siue
691 600 792 637 adeo
813 599 943 637 ioculo
963 599 1122 637 dixisset
1144 599 1238 636 mihi

165 677 206 701 se
232 663 337 701 illam
366 677 510 711 amare,
537 677 753 713 numquam
786 666 953 702 facerem
984 673 1025 702 ut
1057 664 1162 703 illam
1192 664 1339 702 amanti
1369 663 1490 702 abdu-

1346 742 1486 766 cerem.

73 801 140 837 995
163 795 352 843 Eutyche,
376 795 443 833 ted
464 808 544 841 oro,
568 793 713 833 sodalis
734 793 817 832 eius
838 808 890 841 es,
914 808 1026 833 serua
1046 802 1083 832 et
1104 794 1295 832 subueni:
1510 807 1549 840 35

161 859 266 896 hunc
287 872 422 897 senem
442 872 536 909 para
556 858 619 898 me'
640 858 823 898 clientem
838 875 848 907 3
879 873 1093 897 memorem
1115 859 1222 897 dices
1244 858 1421 897 benefici.

162 924 231 961 LY.
265 937 332 961 ora
352 931 394 962 ut
415 923 591 974 ignoscat
612 924 765 962 delictis
785 924 861 962 tuis
882 932 999 974 atque
1019 924 1320 962 adulescentiae.

164 990 239 1026 DE.
271 988 406 1039 pergin
434 996 475 1027 tu
501 991 664 1028 autem?
693 989 805 1028 heia!
832 990 1000 1039 superbe
1026 989 1221 1028 inuehere.
1282 1003 1396 1040 spero
1417 1003 1491 1039 ego

1213 1054 1309 1092 mihi
1329 1068 1491 1105 quoque

162 1128 318 1171 tempus
338 1122 416 1159 tale
435 1128 672 1160 euenturum
693 1128 736 1159 ut
755 1120 827 1159 tibi
846 1121 1008 1170 gratiam
1029 1122 1192 1159 referam
1213 1133 1357 1170 parem.

54 1198 145 1225 1000
162 1186 232 1223 LY.
266 1185 403 1224 missas
436 1185 514 1224 iam
545 1199 619 1236 ego
652 1185 745 1224 istas
775 1185 867 1223 artis
898 1185 982 1223 feci.
1044 1186 1118 1222 DE.
1152 1192 1189 1223 et
1223 1184 1385 1234 quidem
1417 1198 1490 1235 ego
1508 1201 1550 1233 40

817 1250 962 1289 dehinc
981 1249 1069 1288 iam.
1131 1252 1201 1288 Ev.
1234 1249 1331 1288 nihil
1350 1248 1490 1302 <agis):

161 1316 450 1355 consuetudine
467 1315 623 1354 animus
644 1329 755 1354 rusus
777 1323 816 1354 te
835 1317 913 1353 huc
934 1315 1104 1354 inducet.
1167 1316 1242 1353 DE.
1275 1328 1450 1365 opsecr0‚

161 1381 243 1420 sati’
265 1381 341 1419 iam
362 1388 404 1419 ut
424 1381 612 1420 habeatis
672 1380 769 1431 quin
789 1380 880 1419 loris
900 1380 1054 1419 caedite
1073 1380 1203 1428 etiam,
1226 1380 1257 1418 si
1278 1380 1396 1419 lubet.

161 1448 232 1485 LY.
264 1454 368 1486 recte
389 1446 498 1485 dicis.
559 1448 630 1486 sed
650 1446 751 1484 istuc
771 1460 868 1485 uxor
888 1445 1012 1493 faciet,
1037 1459 1158 1495 quom
1179 1447 1256 1483 hoc
1276 1445 1485 1484 resciuerit.

162 1513 237 1550 DE.
269 1511 367 1550 nihil
396 1519 514 1562 opust
542 1511 734 1550 resciscat.
802 1513 872 1549 Ev.
905 1510 1001 1560 quid
1031 1509 1146 1548 istic?
1183 1523 1264 1548 non
1293 1510 1486 1558 resciscet,

1310 1588 1361 1613 ne
1380 1574 1485 1614 time.

53 1653 140 1691 1005
160 1655 297 1681 eamus
317 1641 431 1690 intro,
453 1655 535 1680 non
554 1641 729 1680 utibilest
750 1641 814 1680 hic
834 1643 956 1687 locus,
979 1640 1090 1678 factis
1110 1640 1198 1686 tuis⁷
1507 1653 1548 1686 45

160 1707 258 1744 dum
278 1720 555 1753 memoramus,
576 1706 709 1744 arbitri
730 1713 773 1744 ut
793 1705 869 1743 sint
890 1704 957 1755 qui
977 1711 1221 1755 praetereant
1240 1717 1309 1754 per
1328 1703 1423 1743 uias.

162 1773 238 1810 DE.
271 1773 402 1811 hercle
421 1771 490 1822 qui
510 1779 552 1810 tu
573 1779 678 1810 recte
697 1771 795 1809 dicis
812 1787 819 1810 ε
849 1771 989 1809 eadem
1010 1768 1166 1807 breuior
1185 1769 1318 1806 fabula

159 1837 241 1876 erit.
300 1851 446 1876 eamus.
507 1839 579 1875 Ev.
611 1836 676 1875 hic
696 1844 755 1875 est
775 1836 879 1874 intus
901 1835 1002 1873 filius
1021 1835 1128 1884 apud
1149 1847 1221 1872 nos
1242 1841 1341 1872 tuos.

163 1904 238 1941 DE.
270 1911 481 1953 optumest.
540 1902 629 1941 illac
649 1916 718 1953 per
736 1903 895 1940 hortum
916 1914 989 1939 nos
1009 1901 1174 1938 domum
1194 1899 1457 1938 transibimus.

55 1976 145 2002 1010
162 1968 232 2005 Lx'.
267 1969 457 2017 Eutyche,
487 1969 590 2006 hanc
619 1969 713 2006 uolo
741 1966 838 2018 priu'
867 1965 948 2004 rem
977 1964 1038 2014 agi
1065 1978 1183 2014 quam
1219 1978 1351 2002 meum
1385 1964 1488 2004 intro
1507 1979 1549 2011 50

1187 2030 1310 2066 refero
1330 2030 1485 2078 pedem.

204 2137 270 2176 989
294 2136 342 2166 illi
366 2135 450 2168 Leo:
486 2137 555 2167 filio
581 2136 647 2167 cod.
752 2135 877 2165 habeas
903 2133 967 2164 cod.
1089 2133 1151 2163 sibi
1177 2132 1233 2163 alt.
1263 2132 1320 2163 del.
1353 2132 1490 2164 Gm'etus

161 2190 229 2219 990
251 2184 404 2219 tempere
418 2179 483 2210 cod.
502 2183 540 2210 ut
553 2178 618 2210 vid.
678 2179 774 2218 copia
789 2178 923 2209 Gm'elus
1003 2187 1066 2216 992
1083 2176 1147 2206 siet
1166 2175 1304 2215 Pylades
1318 2187 1325 2206 :
1353 2181 1404 2206 est
1420 2176 1486 2208 cod.

161 2231 227 2262 995
249 2223 299 2253 vel
307 2228 340 2254 te
352 2223 414 2264 (ita
426 2222 507 2263 cod.)
607 2224 672 2262 996
695 2232 747 2252 me
762 2221 821 2253 del.
836 2222 971 2251 Gm'etus
990 2220 1045 2250 (iv.
1060 2222 1095 2258 3)
1185 2229 1247 2258 997
1274 2219 1404 2250 deliciis
1417 2219 1482 2251 cod.

166 2277 251 2297 1000
273 2266 396 2297 missus
412 2266 479 2297 cod.
612 2266 694 2296 artis
710 2265 774 2295 feci
791 2269 825 2295 et
840 2265 918 2295 Ital.
933 2275 940 2294 t
965 2264 1121 2293 artificiet
1137 2262 1202 2293 cod.
1321 2263 1394 2301 agis
1408 2262 1486 2294 add.

161 2309 362 2340 Lachmann
455 2310 582 2349 1005-6
606 2308 802 2348 Lysimacho
818 2307 875 2338 dat
890 2307 1035 2344 Ribbeck,
1043 2307 1123 2346 sort.
1141 2311 1215 2336 recle
1315 2307 1399 2336 1006
1413 2306 1484 2341 arb.

163 2353 215 2393 ut]
233 2353 409 2384 arbitrium
428 2353 481 2384 B:
505 2353 618 2384 arbitri
637 2353 691 2382 ubi
709 2354 800 2394 (cum
816 2352 908 2391 sunt)
926 2350 1062 2392 Seyffert
