1727 2702
157 83 209 122 11.
233 84 277 122 iii
644 89 694 125 T.
729 86 909 127 MACCI
943 87 1145 126 PLAVTI

232 197 299 236 ubi
321 199 564 248 uoluptatem
578 197 783 248 aegritudo
803 198 947 246 uincat,
970 198 1067 249 quid
1088 198 1142 238 ibi
1163 199 1264 238 inest
1282 198 1473 240 amoeni?

174 279 212 313 ²5
340 263 582 314 nequiquam
603 264 752 312 abdidi,
771 264 1017 315 apscondidi,
1040 273 1259 316 apstrusam
1280 266 1478 305 habebam
1496 281 1504 305 :
1581 267 1650 314 360
1715 271 1718 316 ᾗ

339 336 511 368 muscast
532 331 634 368 meu'
655 336 774 380 pater,
798 329 852 368 nil
873 337 1003 380 potest
1022 331 1123 369 clam
1145 329 1255 368 illum
1276 330 1423 379 haberi,

229 407 303 433 nec
332 407 486 433 sacrum
516 407 590 433 nec
620 402 700 433 tam
730 395 939 446 profanum
968 394 1231 446 quicquamst,
1261 395 1358 446 quin
1387 395 1442 434 ibi
1471 394 1563 435 ilico

1444 460 1558 500 adsit.

229 537 302 563 nec
322 524 390 575 qui
410 525 527 564 rebus
547 524 646 564 meis
665 525 866 565 confidam
888 525 941 563 mi
961 526 1040 564 ulla
1059 538 1150 576 spes
1170 524 1210 564 in
1230 527 1350 566 corde
1369 533 1522 566 certast.

230 591 306 628 DE.
338 590 435 640 quid
455 590 548 629 illuc
568 598 626 629 est
647 591 757 641 quod
777 592 884 630 solus
904 603 1039 630 secum
1060 591 1256 630 fabulatur
1275 590 1408 630 filius?

165 667 207 698 30
226 654 417 694 sollicitus
438 653 537 694 mihi
552 654 769 705 nescioqua
789 669 829 694 re
849 655 1017 694 uidetur.
1078 656 1156 695 CH.
1188 662 1333 694 attatae
1350 658 1358 694 ἔ
1579 659 1644 704 365

226 722 329 759 meu'
366 728 478 771 pater
522 720 751 772 hicquidem
790 728 849 760 est
886 734 1006 771 quem
1045 720 1174 760 uideo.
1239 721 1318 768 ibo,
1353 722 1555 772 adloquar.

1228 786 1324 837 quid
1346 787 1398 834 fit,
1421 788 1559 837 pater?

229 853 305 892 DE.
337 854 445 892 unde
483 853 646 901 incedis,
682 852 779 904 quid
818 852 989 900 festinas,
1022 860 1138 903 gnate
1178 851 1264 890 mi?
1330 853 1409 893 CH.
1441 861 1554 899 recte,

1436 925 1554 969 pater.

228 984 304 1022 DE.
337 984 390 1023 ita
423 985 527 1031 uolo,
561 984 632 1023 sed
666 983 767 1022 istuc
802 983 899 1034 quid
933 990 992 1022 est
1025 981 1096 1021 tibi
1131 983 1239 1033 quod
1274 990 1557 1022 commutatust

1419 1048 1556 1086 color?

223 1114 418 1164 numquid
439 1113 509 1152 tibi
539 1115 680 1153 dolet?
736 1114 814 1153 Cu.
846 1111 1079 1163 nescioquid
1109 1125 1200 1151 meo
1227 1111 1399 1151 animost
1427 1125 1552 1163 aegre,

1432 1185 1550 1228 pater.

164 1259 202 1290 35
222 1252 335 1295 poste
356 1245 429 1284 hac
449 1252 568 1284 nocte
586 1257 668 1283 non
690 1242 824 1294 quieui
845 1242 928 1281 sati'
950 1256 1038 1281 mea
1057 1257 1104 1281 ex
1124 1242 1329 1281 sententia.
1573 1257 1643 1294 370

223 1311 300 1348 DE.
331 1324 400 1360 per
420 1323 526 1349 mare
547 1316 588 1347 ut
609 1309 769 1356 uectu’s,
792 1321 899 1346 nunc
919 1307 1023 1347 oculi
1045 1315 1185 1346 terram
1207 1307 1396 1346 mirantur
1416 1306 1484 1346 tui.

221 1375 298 1414 CH.
333 1374 454 1425 magis
488 1374 764 1425 opinor—DE.
796 1373 838 1413 id
872 1379 931 1412 est
961 1373 1165 1424 profect03
1204 1385 1341 1411 uerum
1375 1380 1551 1411 actutum

1307 1436 1548 1488 apscesserit.

220 1519 312 1556 ergo
332 1506 475 1556 edepol
495 1507 627 1556 palles.
687 1504 718 1543 si
740 1503 879 1555 sapias,
901 1517 967 1543 eas
987 1517 1034 1542 ac
1054 1503 1272 1542 decumbas
1291 1502 1412 1542 domi.

221 1572 298 1611 CH.
330 1571 455 1609 otium
477 1584 557 1609 non
579 1578 663 1610 est:
693 1569 890 1609 mandatis
910 1569 1027 1609 rebus
1048 1568 1243 1620 praeuorti
1264 1570 1367 1608 uolo.

156 1653 200 1685 40
221 1638 297 1675 DE.
330 1649 414 1675 cras
447 1635 562 1686 agito,
597 1635 784 1685 perendie
814 1634 932 1686 agito.
990 1635 1068 1675 Cn.
1100 1647 1218 1685 saepe
1251 1647 1299 1673 ex
1329 1641 1368 1673 te
1399 1633 1546 1682 audiui,
1569 1650 1634 1687 375
1683 1641 1709 1689 ,¹

1417 1707 1549 1750 pater:
1707 1692 1709 1694 ’

217 1765 271 1805 rei
293 1767 503 1806 mandatae
523 1766 652 1806 omnis
673 1765 861 1817 sapientis
882 1764 1052 1816 primum
1074 1764 1270 1816 praeuorti
1291 1765 1416 1804 decet.

220 1834 294 1870 DE.
326 1846 397 1882 age
418 1832 555 1882 igitur3
585 1833 679 1871 nolo
698 1831 899 1870 aduorsari
921 1838 1029 1870 tuam
1050 1831 1265 1870 aduorsum
1285 1829 1531 1869 sententiam.

217 1898 295 1937 CH.
328 1898 459 1936 saluos
490 1910 588 1944 sum,
623 1896 820 1947 siquidem
855 1895 918 1935 isti
949 1895 1057 1935 dicto
1091 1895 1219 1934 solida
1249 1902 1288 1934 et
1322 1902 1548 1946 perpetuast

1436 1960 1544 1999 fides.

217 2029 292 2066 DE.
325 2027 422 2079 quid
443 2027 534 2066 illuc
555 2034 612 2066 est
634 2028 742 2077 quod
763 2040 786 2065 a
807 2040 870 2065 me
886 2027 992 2065 solus
1009 2039 1050 2065 se
1070 2025 1110 2064 in
1131 2024 1340 2065 consilium
1358 2026 1548 2064 seuocat?

256 2132 319 2170 364
346 2130 514 2161 fabuletur
531 2130 602 2161 ΡΠ)
736 2131 799 2169 365
823 2128 910 2172 (de)
926 2139 961 2160 rc
979 2128 1090 2159 Luchs
1178 2133 1212 2159 at
1228 2133 1303 2159 tace
1319 2127 1352 2158 Β
1481 2128 1547 2167 368

212 2176 292 2215 quid
310 2175 395 2205 istuc
412 2174 502 2206 Bach
635 2184 700 2213 370
724 2184 796 2204 mea
812 2173 887 2204 Ital.
904 2185 910 2205 :
937 2183 990 2203 me
1002 2172 1067 2203 cod.
1202 2181 1309 2211 371—2
1333 2171 1402 2203 secl.
1423 2170 1549 2212 Ussing

216 2219 296 2258 ‘qui
317 2229 366 2249 vv.
397 2228 504 2258 371—2
527 2223 590 2259 pro
618 2228 646 2248 v.
675 2217 740 2257 389
755 2217 868 2256 finxit,
897 2217 995 2247 totius
1018 2216 1080 2246 Ioci
1099 2216 1229 2255 373-89
1253 2214 1481 2255 compendium
1509 2214 1544 2245 in

212 2263 333 2292 actione
354 2262 433 2301 fieri
460 2260 598 2292 volebat'
634 2260 699 2291 Leo
823 2270 886 2300 372
911 2260 960 2291 vel
973 2261 1073 2299 opino
1209 2259 1339 2298 373—88
1360 2263 1544 2297 paucorum

212 2316 367 2337 versuum
390 2306 495 2336 exitus
510 2308 669 2346 apparent
683 2304 716 2334 A
860 2313 925 2342 379
950 2313 1022 2334 mea
1047 2312 1100 2333 me
1120 2302 1177 2342 (Β)
1199 2303 1271 2342 (pm
1293 2312 1313 2332 a
1337 2304 1412 2333 me?
1442 2302 1480 2332 iv.
1507 2302 1542 2341 3)

214 2349 263 2380 vel
281 2349 335 2380 illa
354 2359 406 2379 me
425 2347 531 2389 (PCD)
549 2349 622 2389 (pro
644 2347 700 2378 ille
717 2358 736 2378 a
754 2356 806 2377 me
820 2346 845 2386 Ἰ)
863 2346 929 2378 cod.
948 2358 955 2377 :
980 2347 1033 2377 hic
1057 2356 1076 2376 a
1101 2355 1154 2376 me
1170 2345 1328 2386 Anspach
1427 2345 1489 2376 sed
1513 2344 1546 2376 Β

215 2394 286 2426 (vix
299 2393 437 2432 antiqua
443 2392 577 2433 forma)
