1727 2702
113 84 159 120 V.
181 82 209 118 ii
417 84 463 120 T.
499 84 677 122 MACCI
712 85 912 121 PLAVTI
946 84 1270 124 BACCHIDES

181 208 320 245 neque,
345 194 374 233 si
405 196 481 234 hoc
512 195 633 234 hodie
662 195 842 242 amiseri',
871 203 960 247 post
986 195 1026 235 in
1057 204 1181 236 morte
1210 196 1251 236 id
1275 204 1508 236 euenturum
1532 206 1618 246 1195

1188 276 1273 302 esse
1294 276 1480 313 umquam
1495 263 1512 300 Ρ

183 328 248 366 Νι.
280 326 376 377 quid
400 329 504 377 ago?
563 329 635 366 ΡΗ.
659 327 756 378 quid
780 329 902 378 agas?
931 328 1074 378 rogitas
1101 328 1249 368 etiam?
1305 329 1370 367 Νι.
1403 328 1513 366 lubet

853 401 891 432 et
913 401 1058 433 metuo.
1119 396 1189 432 ΒΑ.
1223 393 1318 444 quid
1340 392 1513 432 metuis?

183 457 248 495 Νι.
281 470 330 496 ne
350 457 536 497 obnoxiu'
558 457 638 497 filio
659 457 732 497 sim
753 466 792 498 et
813 472 938 498 seruo.
999 461 1070 497 ΒΑ.
1103 461 1181 499 mel
1196 472 1341 505 meum,
1356 457 1510 504 amabo,

1260 523 1379 562 istaec
1401 523 1511 561 fiunt.

182 594 287 625 tuost
306 603 312 625 ε
343 589 449 627 unde
470 588 579 627 illum
597 602 751 628 sumere
767 602 916 636 censes,
935 588 1007 628 nisi
1025 590 1134 640 quod
1151 596 1233 628 tute
1254 588 1306 627 illi
1327 587 1513 627 dederis?

119 658 158 698 85
181 653 282 691 hanc
313 653 469 691 ueniam
501 653 574 692 illis
602 654 686 693 sine
717 662 755 693 te
785 668 953 694 exorem.
1015 656 1080 694 Νι.
1114 662 1155 693 ut
1186 654 1379 693 terebrat!
1409 652 1510 691 satin

1273 719 1508 758 offirmatum

287 784 394 832 quod
417 783 510 821 mihi
532 791 623 830 erat,
647 784 686 823 id
709 798 771 823 me
792 787 956 823 exorat?
1532 796 1622 823 1200

181 854 246 886 tua
268 861 354 886 sum
380 861 498 898 opera
519 856 556 886 et
578 857 736 899 propter
761 849 797 888 te
826 849 1059 900 inprobior?
1116 851 1188 888 BA.
1221 863 1270 887 ne
1291 848 1371 888 †is†
1391 861 1510 898 quam

1181 928 1269 952 mea
1290 914 1508 951 mauellem.

179 978 279 1017 satin
301 991 374 1028 ego
395 978 494 1017 istuc
512 979 640 1018 habeo
656 981 923 1018 offirmatum?
967 981 1004 1019 N
1009 992 1033 1018 1.
1065 981 1174 1030 quod
1191 980 1312 1018 semel
1332 977 1411 1017 dixi
1433 978 1510 1016 hau

1335 1042 1508 1082 mutabo.

290 1111 360 1147 ΒΑ.
394 1109 420 1147 it
441 1109 540 1157 dies,
560 1109 611 1148 ite
633 1109 734 1149 intro
753 1110 991 1157 accubitum,

118 1189 161 1221 90
182 1174 247 1212 filii
269 1188 340 1213 uos
362 1182 589 1225 exspectant
611 1174 725 1214 intus.
787 1177 852 1214 Νι.
885 1189 1004 1226 quam
1026 1175 1188 1226 quidem
1209 1182 1385 1214 actutum
1406 1187 1511 1213 emo-

1354 1239 1507 1278 riamur.

178 1307 243 1344 So.
276 1319 415 1356 uesper
444 1305 508 1344 hic
535 1313 604 1353 est,
636 1306 857 1356 sequimini.
930 1308 995 1345 Νι.
1027 1306 1160 1345 ducite
1190 1320 1262 1344 nos
1291 1319 1371 1355 quo
1401 1305 1509 1343 lubet
1533 1317 1618 1353 ¹²05

909 1379 1110 1422 tamquam
1133 1371 1293 1421 quidem
1315 1370 1506 1409 addictos.

180 1437 250 1474 ΒΑ.
283 1436 413 1487 lepide
433 1436 506 1486 ipsi
528 1436 567 1475 hi
588 1444 679 1475 sunt
699 1436 814 1488 capti,
837 1436 916 1476 suis
937 1436 1004 1487 qui
1026 1436 1114 1476 filiis
1135 1438 1260 1476 fecere
1282 1435 1452 1476 insidias.

767 1549 922 1587 GREx

182 1628 235 1666 Hi
258 1642 370 1667 sencs
392 1628 463 1666 nisi
482 1628 644 1667 fuissent
665 1629 773 1667 nihili
792 1629 867 1668 iarn
886 1629 978 1669 inde
998 1630 1050 1668 ab
1068 1631 1348 1678 adulescentia,

179 1707 257 1731 non
279 1693 398 1732 hodie
419 1695 494 1732 hoc
515 1701 666 1732 tanturn
690 1694 877 1743 flagitium
899 1696 1069 1734 facerent
1090 1695 1197 1734 canis
1217 1695 1411 1746 capitibus
1429 1710 1438 1744 ς

116 1769 157 1801 95
178 1771 307 1808 neque
327 1759 429 1797 adeo
450 1759 546 1797 haec
568 1759 794 1805 faceremm,
819 1759 857 1797 ni
878 1761 1045 1799 antehac
1067 1759 1301 1799 uidissemus
1323 1760 1404 1800 fieri

178 1831 219 1860 ut
239 1824 345 1872 apud
367 1824 529 1862 lenones
551 1823 690 1862 riuales
711 1823 798 1862 filiis
820 1825 956 1863 fierent
977 1833 1115 1875 patres.
1531 1834 1621 1861 1210

177 1896 426 1938 spectatores,
451 1902 522 1928 uos
543 1890 672 1928 ualere
694 1887 969 1942 uolumus‚[et]
991 1892 1092 1929 clare
1112 1892 1361 1942 adplaudere.

215 2003 226 2023 ι
239 2003 295 2032 195
321 1994 454 2025 amissis
466 1994 567 2026 Bothe
672 1995 703 2026 id
717 1995 772 2026 del.
794 1995 917 2035 Ussing
1019 2005 1098 2035 ¹¹97
1126 1995 1245 2037 istaec]
1263 1997 1325 2027 etsi
1343 1996 1426 2027 haec
1445 1996 1510 2027 Leo

183 2038 264 2075 1198
289 2048 410 2068 censes
428 2049 563 2069 sumere
579 2038 644 2070 cod.
665 2051 671 2070 :
697 2039 768 2069 irai.
789 2038 889 2069 Weise
1035 2049 1110 2070 ¹201
1134 2050 1175 2070 ne
1193 2040 1235 2070 tis
1246 2038 1439 2071 Schneider:
1465 2051 1508 2070 nc

179 2080 252 2110 cius
269 2080 405 2122 Ussing:
430 2081 576 2113 Veneris
589 2083 724 2117 Elmcr(
735 2082 850 2114 Trans.
866 2082 982 2114 Amer.
999 2082 1083 2113 Phil.
1096 2083 1174 2114 Ass.
1189 2093 1242 2123 32,
1255 2083 1314 2119 66)
1331 2095 1336 2114 ;
1363 2083 1509 2114 neminis

180 2122 245 2154 Lco
320 2135 418 2163 quam
438 2135 544 2155 meam
564 2125 686 2157 nouem
705 2125 779 2156 PCD
874 2136 954 2165 ¹2⁰7
982 2126 1083 2157 Gnssx
1102 2126 1261 2166 vaades:
1287 2128 1332 2158 ite
1349 2126 1415 2158 cod.
1436 2132 1509 2166 »pro

179 2166 291 2196 πάντες
313 2168 360 2198 vcl
373 2171 416 2197 m?
442 2169 479 2208 cs.
496 2168 541 2199 ad
549 2169 638 2200 Pers.
653 2169 733 2209 858>
871 2179 954 2209 1209
973 2175 1052 2201 ante
1069 2171 1131 2201 hoc
1149 2169 1287 2211 Langen
1428 2179 1505 2200 1211

180 2215 213 2241 ct
229 2210 287 2241 del.
309 2211 414 2251 Bergk
