1727 2712
678 107 1002 147 BACCHIDES
1418 105 1496 143 111.
1518 104 1563 142 iii

171 218 247 258 itur
266 218 373 258 illinc
393 218 476 259 iure
496 219 614 259 dicto.
701 218 842 257 hocine
863 218 926 256 hic
947 226 1063 268 pacto
1084 225 1214 269 potest

170 284 348 324 inhibere
369 284 577 336 imperium
599 284 792 336 magister,
815 284 847 323 si
867 284 974 335 ipsus
996 284 1144 335 primus
1165 285 1355 334 uapulet?

174 351 261 388 MN.
293 349 392 388 acris
413 349 626 401 postulatio
647 351 746 388 haec
766 357 835 388 est.
895 363 1017 400 quom
1040 349 1156 388 huius
1178 349 1284 388 dicta
1304 349 1501 398 intellego,
1523 365 1540 395 4
1548 364 1564 394 5

83 427 154 462 450
172 414 269 453 mira
289 423 379 453 sunt
400 415 440 452 ni
462 415 698 453 Pistoclerus
721 415 877 464 Lydum
898 414 1039 465 pugnis
1061 414 1253 453 contudit.
1352 408 1356 409 ⁷

171 481 242 519 Lv.
275 481 345 519 sed
374 479 462 530 quis
497 479 561 518 hic
590 487 648 518 est
678 493 797 529 quem
826 487 1022 519 astantem
1058 479 1177 519 uideo
1207 487 1298 518 ante
1329 478 1505 518 ostium?

1228 558 1252 583 o
1275 544 1501 590 Philoxene,

168 612 265 651 deos
282 610 471 661 propitios
488 624 551 649 me
573 610 708 649 uidere
729 624 847 661 quarn
870 610 979 649 illum
999 609 1113 662 (hau)
1132 611 1342 648 mauellem
1363 608 1470 647 mihi.

170 679 244 715 PH.
277 677 364 727 quis
402 676 480 714 illic
519 678 607 715 est?
682 678 752 714 LY.
787 676 1073 723 Mnesilochus,
1114 675 1221 725 gnati
1260 675 1316 714 tui
1359 674 1504 714 sodalis

1286 739 1500 778 Pistocleri.

168 809 246 846 hau
267 806 463 846 consimili
483 806 642 856 ingenio
657 813 776 856 atque
797 806 861 846 ille
877 814 935 845 est
951 806 1018 856 qui
1039 805 1079 844 in
1100 805 1277 856 lupanari
1297 805 1474 844 accubat.
1525 818 1565 849 50

81 882 148 918 455
169 873 412 910 fortunatum
434 871 690 918 Nicobulum,
713 870 780 921 qui
802 871 912 909 illum
932 870 1118 921 produxit
1138 870 1211 909 sibi
1229 873 1236 908 1

170 938 244 975 PH.
278 938 408 975 saluos
430 935 492 983 sis,
518 935 777 982 Mnesiloche,
801 937 953 974 saluom
976 943 1013 974 te
1034 934 1222 974 aduenire
1242 937 1407 985 gaudeo.

170 1002 257 1040 MN.
290 1001 331 1041 di
352 1010 390 1041 te
409 1008 555 1048 ament,
579 1000 806 1039 Philoxene.
868 1002 937 1038 LY.
968 1000 1032 1039 hic
1053 999 1159 1039 enim
1180 999 1252 1038 rite
1273 1002 1506 1050 productust

1318 1090 1321 1091 ν
1380 1061 1503 1114 patri:

169 1131 210 1170 in
231 1146 337 1172 mare
357 1132 396 1180 it,
420 1146 503 1171 rem
523 1131 753 1170 familiarem
775 1139 894 1179 curat,
917 1130 1091 1170 custodit
1110 1132 1302 1177 domum,

169 1211 395 1249 opsequens
416 1197 717 1247 oboediensque
738 1205 796 1236 est
817 1196 916 1235 mori
936 1204 1055 1247 atque
1076 1196 1249 1247 imperiis
1269 1195 1398 1247 patris.
1526 1206 1567 1238 55

82 1266 152 1308 460
169 1263 234 1302 hic
254 1263 400 1302 sodalis
423 1263 639 1302 Pistoclero
660 1262 738 1301 iam
760 1275 857 1313 puer
877 1275 1000 1312 puero
1020 1261 1092 1300 fuit
1106 1276 1164 1310 γ’
1408 1255 1413 1264 '

168 1328 342 1367 triduom
363 1342 443 1367 non
465 1328 626 1367 interest
646 1327 784 1366 aetatis
805 1335 890 1366 uter
910 1327 1034 1366 maior
1054 1326 1127 1365 siet
1145 1342 1152 1365 :
1211 1329 1262 1358 s

167 1406 305 1432 uerum
326 1392 528 1445 ingenium
549 1394 637 1444 plus
660 1392 816 1444 triginta
835 1392 948 1430 annis
969 1392 1112 1430 maiust
1133 1405 1252 1442 quarn
1273 1391 1393 1430 alteri.

167 1459 242 1497 PH.
298 1472 396 1498 caue
417 1461 565 1498 malum
588 1467 626 1498 et
646 1473 857 1511 compesce
879 1461 918 1498 in
939 1461 1049 1498 illum
1070 1460 1202 1499 dicere
1222 1458 1375 1498 iniuste.
1427 1458 1497 1496 Lv.

144 1559 147 1567 s
1406 1528 1503 1568 tace,

118 1588 150 1625 ἐ
169 1589 310 1627 stultus
331 1601 373 1627 es
393 1587 461 1638 qui
481 1587 536 1626 illi
557 1589 659 1627 male
680 1601 795 1639 aegre
813 1595 948 1639 patere
968 1586 1047 1626 dici
1068 1586 1135 1637 qui
1156 1535 1295 1642 facitJX
1524 1590 1567 1622 60

82 1658 148 1702 465
169 1667 261 1691 nam
282 1653 391 1692 illum
414 1642 547 1692 meum
568 1655 716 1692 malurn
737 1645 962 1704 promptare
984 1652 1118 1690 malim
1140 1638 1259 1702 quam
1280 1652 1491 1702 peculium.

170 1720 244 1757 PH.
277 1719 474 1769 quidum?
530 1721 600 1757 Lv.
633 1719 735 1770 quia,
760 1720 907 1758 malum
922 1714 960 1758 si
982 1725 1194 1769 promptet,
1215 1718 1255 1756 in
1279 1717 1363 1756 dies
1391 1718 1506 1756 faciat

1361 1783 1501 1822 minus.

170 1851 256 1888 MN.
289 1850 386 1900 quid
407 1851 583 1889 sodalem
606 1863 739 1888 meum
760 1850 937 1900 castigas,
962 1851 1083 1900 Lyde,
1104 1848 1343 1899 discipulum
1366 1850 1505 1886 tuom?

169 1917 239 1954 LY.
271 1915 384 1966 periit
414 1915 485 1954 tibi
515 1914 671 1954 sodalis.
733 1917 821 1953 MN.
854 1929 903 1954 ne
933 1915 974 1954 di
1005 1915 1124 1953 sirint.
1187 1915 1256 1951 LY.
1291 1913 1346 1952 sic
1375 1921 1434 1951 est
1463 1921 1504 1952 ut

1351 1980 1501 2028 loquor.

171 2045 266 2095 quin
287 2059 360 2096 ego
380 2059 502 2096 quom
523 2044 675 2096 peribat
695 2044 788 2093 uidi,
812 2058 892 2083 non
913 2059 960 2084 ex
979 2045 1116 2084 audito
1136 2057 1267 2094 arguo.
1524 2046 1564 2086 65

215 2160 277 2190 447
297 2155 372 2190 post
395 2160 424 2181 v.
447 2151 513 2188 446
538 2160 650 2180 versus
673 2149 822 2180 excidisse
846 2149 971 2180 videtur
995 2150 1007 2190 ζ
1009 2150 1041 2180 si
1061 2150 1093 2180 in
1119 2154 1232 2188 potest
1254 2148 1353 2186 desiit,
1377 2151 1504 2188 propter

170 2194 460 2234 homoeoteleuton)
559 2194 623 2233 448
648 2193 784 2232 uapulat
796 2192 935 2234 Langen
1033 2203 1098 2232 452
1123 2194 1212 2223 haud
1230 2192 1305 2223 add.
1326 2191 1504 2222 Hermann

171 2248 235 2277 453
261 2238 456 2268 octonarius
467 2241 633 2278 suspectus
696 2237 752 2267 vix
768 2237 908 2268 Pistocli
925 2249 932 2268 :
956 2237 1011 2276 pol
1030 2237 1083 2267 hic
1100 2237 1235 2275 quidem
1255 2236 1351 2266 Goetz
1440 2236 1505 2274 458

171 2281 195 2311 it
215 2281 304 2312 ltal.:
330 2286 365 2312 ut
383 2281 450 2312 cod.
585 2290 650 2320 459
674 2291 764 2311 more
783 2281 849 2313 cod.
984 2281 1048 2319 462
1073 2281 1212 2319 triginta
1235 2278 1357 2321 (huic)
1380 2278 1506 2309 Rr'tsclzl

170 2326 233 2363 463
258 2324 346 2355 malo
360 2324 524 2365 Scaliger:
549 2324 670 2355 malum
689 2324 752 2356 cod.
772 2325 807 2362 (i.
823 2326 861 2363 3)
995 2333 1174 2364 comperce
1189 2324 1229 2365 (Ζ)
1248 2322 1345 2354 Paul.
1360 2322 1447 2352 Fest.
1461 2323 1505 2352 60

170 2369 233 2407 464
250 2368 380 2419 velbillic
514 2369 589 2408 465,
609 2369 673 2406 466
688 2367 801 2398 delevit
817 2367 951 2399 Guietus
