1727 2712
640 101 901 141 EPIDICVS
1388 100 1442 140 ΙΙ.
1463 101 1494 141 ii

115 208 349 259 nuptiarum,
373 223 423 248 ne
443 217 626 260 grauetur
646 211 755 261 quod
776 210 883 249 uelis.
944 212 1015 249 PE.
1045 210 1136 250 uiue
1157 211 1260 262 sapis

115 282 153 312 et
173 276 311 325 placet.
372 277 441 313 ΕΡ.
475 282 558 314 turn
580 283 621 314 tu
642 275 757 325 igitur
776 275 903 314 calide
923 276 1120 326 quidquid
1140 278 1307 315 acturu’s
1327 290 1409 327 age.

31 341 93 386 285
118 340 185 377 PE.
218 338 299 378 rom
315 340 446 379 hercle
462 341 633 391 loquere.
686 342 755 379 ΕΡ.
789 348 827 379 et
843 340 995 391 repperi
1011 341 1109 380 haec
1125 349 1163 380 te
1179 343 1248 391 qui
1261 342 1450 392 apscedat

1264 405 1445 456 suspicio.

117 469 185 506 PE.
217 468 302 508 sine
330 482 393 508 me
420 469 527 509 scire.
589 472 658 509 ΕΡ.
692 469 820 517 scibis,
843 470 947 510 audi.
1007 472 1081 509 ΑΡ.
1112 470 1212 522 sapit
1239 470 1303 509 hic
1329 472 1448 521 pleno
1472 483 1529 515 105

1276 543 1444 586 pectore.

117 599 186 637 ΕΡ.
219 613 318 649 opus
340 608 396 639 est
418 600 578 640 homine
599 601 666 651 qui
688 601 753 640 illo
773 609 979 651 argentum
1000 602 1149 640 deferat
1176 614 1245 652 pro
1266 601 1450 649 fidicina,·

117 678 207 702 nam
236 672 273 704 te
300 667 394 704 nolo
426 680 554 717 neque
580 668 670 717 opu’
697 668 849 705 factost.
909 668 978 704 PE.
1010 666 1106 716 quid
1133 665 1240 704 iam?
1298 669 1366 705 ΕΡ.
1399 681 1449 706 ne

1233 738 1270 769 te
1290 739 1449 770 censeat

117 794 171 833 fili
195 808 332 833 caussa
358 796 609 835 facere—PE.
643 798 784 835 docte!
845 798 913 835 ΕΡ.
946 810 1026 846 quo
1056 796 1165 834 illum
1194 796 1246 834 ab
1273 796 1336 834 illa
1365 809 1449 847 pro-

1289 861 1448 900 hibeas:

33 935 101 971 290
119 938 168 963 ne
188 939 266 975 qua
286 925 338 964 ob
359 940 444 964 eam
467 926 733 977 suspicionem
755 926 963 965 difficultas
984 934 1137 965 euenat.

119 991 187 1028 PE.
219 989 338 1040 quom
366 991 567 1030 hominem
596 991 844 1030 inueniemus
864 992 915 1030 ad
936 1005 1023 1030 eam
1052 1005 1132 1030 rem
1154 991 1319 1030 utilem?
1377 994 1447 1030 EP.
1476 1005 1535 1027 110

1077 1056 1140 1095 hic
1159 1056 1229 1096 erit
1251 1065 1447 1107 optumus,

118 1119 181 1159 hic
202 1120 343 1171 poterit
363 1135 501 1160 cauere
522 1130 636 1169 recte,
660 1121 742 1160 iura
762 1123 829 1172 qui
849 1130 888 1160 et
908 1123 1011 1172 leges
1033 1130 1150 1161 tenet.

119 1187 187 1223 PE.
225 1185 394 1236 Epidico
428 1187 573 1226 habeas
607 1187 779 1237 gratiam.
853 1189 921 1225 ΕΡ.
959 1188 1028 1226 sed
1064 1201 1136 1237 ego
1175 1186 1274 1225 istuc
1309 1186 1449 1226 faciam

1286 1253 1448 1291 sedulo:

116 1329 188 1365 ego
222 1315 331 1354 illum
365 1316 601 1356 conueniam
631 1325 749 1367 atque
778 1318 976 1356 adducam
1012 1318 1089 1356 huc
1118 1318 1169 1356 ad
1200 1324 1247 1364 te,
1280 1317 1449 1368 quoiiast

1277 1382 1446 1430 fidicina,

0 1489 1 1494 ¹
34 1458 97 1496 295
117 1454 236 1497 atque
255 1456 460 1498 argentum
480 1462 553 1499 ego
573 1462 663 1487 cum
685 1449 761 1488 hoc
777 1450 908 1488 seram.
964 1450 1033 1487 PE.
1065 1448 1201 1498 quanti
1223 1449 1299 1487 emi
1321 1456 1449 1499 potest

0 1500 1 1518 ¹
951 1514 1145 1553 minimo?
1203 1516 1272 1553 EP.
1305 1514 1449 1553 illane?

116 1579 166 1617 ad
187 1579 444 1630 quadraginta
464 1581 625 1618 fortasse
646 1593 733 1619 eam
754 1580 869 1630 posse
890 1579 968 1618 emi
990 1579 1156 1617 minimo
1177 1579 1303 1617 minis.
1470 1589 1527 1622 115

117 1658 253 1683 uerum
274 1645 306 1684 si
326 1647 413 1696 plus
433 1645 588 1684 dederis
610 1647 783 1692 referam,
807 1645 904 1683 nihil
926 1644 966 1683 in
988 1658 1034 1683 ea
1056 1658 1095 1683 re
1117 1644 1293 1695 captiost.

115 1717 233 1760 atque
254 1710 295 1749 id
315 1724 395 1749 non
416 1712 555 1749 decern
577 1718 814 1761 occupatum
835 1709 906 1749 tibi
928 1709 999 1748 erit
1021 1717 1225 1759 argentum
1248 1709 1340 1748 dies.

117 1777 186 1817 PE.
217 1775 413 1826 quidum?
470 1778 539 1814 ΕΡ.
572 1776 664 1827 quia
690 1775 795 1815 enim
826 1775 1029 1814 mulierem
1059 1774 1157 1812 alius
1186 1774 1290 1812 illam
1320 1775 1449 1812 adule-

1153 1853 1266 1878 scens
1286 1839 1446 1890 deperit,

31 1917 98 1952 300
114 1920 208 1945 auro
229 1908 450 1957 opulentus,
474 1921 637 1958 magnus
659 1907 769 1946 miles
793 1906 986 1954 Rhodius,
1012 1914 1142 1957 raptor
1165 1904 1352 1952 hostium,

114 1972 304 2022 gloriosus
324 1989 330 2011 :
362 1972 425 2011 hic
446 1981 549 2012 emet
570 1972 675 2011 illam
696 1974 747 2012 de
768 1980 805 2011 te
827 1980 864 2011 et
884 1972 994 2011 dabit
1015 1985 1152 2010 aurum
1175 1970 1326 2009 lubens.
1472 1984 1531 2006 120

160 2079 224 2108 288
249 2088 325 2108 narn
343 2077 412 2109 telo
430 2088 496 2109 non
522 2089 609 2117 eque
631 2088 718 2119 opus
735 2078 801 2110 cod.
822 2079 870 2120 (ii.
892 2079 947 2119 7):
975 2089 1052 2109 corr.
1077 2077 1201 2118 Ussing
1291 2087 1334 2107 ne
1350 2075 1424 2107 Ital.
1442 2087 1450 2106 ε

119 2131 180 2151 nec
205 2121 268 2152 cod.
419 2132 483 2161 293
508 2121 648 2161 Epidico
680 2122 818 2163 Ussing:
852 2123 983 2163 epidice
1011 2121 1076 2153 cod.
1174 2121 1283 2151 habeo
1317 2120 1451 2150 Guz'etus

119 2175 182 2204 294
199 2165 314 2206 atque]
334 2176 475 2205 eamque
492 2165 587 2196 Goetz
661 2167 751 2197 hunc
768 2167 809 2197 ad
828 2176 902 2197 eum
926 2166 1069 2205 Ussing:
1096 2165 1186 2195 hunc
1206 2164 1247 2194 ab
1261 2168 1295 2194 te
1312 2162 1451 2193 Redslob

120 2207 222 2247 (Berl.
240 2208 329 2241 Pln'l.
350 2208 456 2240 Woch.
477 2220 528 2249 22,
550 2212 630 2249 5525
745 2212 808 2249 296
833 2211 932 2240 minis
948 2210 1088 2248 Bentley.
1115 2207 1319 2238 Gronovius:
1344 2206 1449 2236 minas

118 2251 186 2282 cod.
304 2254 368 2293 298
392 2254 508 2283 decem
526 2253 600 2283 Ital.
619 2266 625 2283 t
650 2255 746 2283 decet
764 2253 828 2285 cod.
958 2262 1023 2292 299
1047 2252 1135 2282 illam
1155 2251 1239 2281 alius
1257 2250 1321 2280 cod.
1344 2261 1350 2280 :
1375 2249 1450 2280 lrai.

118 2294 221 2326 Bothe
353 2307 418 2336 300
440 2297 490 2327 vel
501 2299 546 2327 sic
560 2296 722 2336 distingne
738 2307 887 2335 magnus,
909 2297 1005 2327 miles
1128 2304 1189 2334 301
1218 2294 1289 2335 hic]
1307 2294 1335 2324 is
1353 2293 1447 2332 Brixf

108 2338 191 2377 sort.
207 2344 282 2371 recle
370 2340 491 2371 lubens
507 2340 627 2372 Gruter
640 2352 646 2371 :
670 2341 786 2371 iubeas
802 2340 867 2371 cod.
