1727 2702
163 100 242 140 111.
265 101 311 139 in
683 103 730 140 T.
765 103 944 142 MACCI
977 103 1180 141 PLAVTI

268 212 338 250 sed
359 211 426 261 qui
448 211 667 262 perspicere
689 220 849 262 possent
872 209 956 264 [cor
975 211 1200 262 sapientiae,

268 276 382 326 igitur
403 277 621 327 perspicere
644 285 685 314 ut
707 274 874 329 possint]
895 276 1024 316 cordis
1044 277 1198 328 copiam
1214 291 1226 325 3
1621 278 1664 323 38
1693 271 1698 279 ⁸

229 354 247 387 5
269 342 337 380 ubi
360 342 399 381 id
421 340 690 392 inspexissent,
715 341 930 392 cogitarent
950 349 1087 392 postea

269 407 390 446 uitam
413 414 455 445 ut
475 405 663 445 uixissent
683 406 779 446 olim
799 406 839 444 in
859 406 1137 446 adulescentia.

268 471 339 510 fuit
360 471 610 511 conducibile
632 473 709 510 hoc
729 471 892 522 quidem
913 485 1001 511 mea
1021 473 1225 512 sententia.

269 538 331 575 uel
353 535 497 590 [quasi]
519 550 592 588 ego
613 535 740 590 [met],
763 536 831 587 qui
852 538 1004 576 dudum
1026 537 1079 576 fili
1099 551 1238 576 caussa
1257 551 1465 589 coeperam
1679 576 1681 584 ,

267 615 341 652 ego
362 615 425 641 me
445 601 665 641 excruciare
686 601 818 649 animi,
841 602 954 653 quasi
973 602 1069 652 quid
1090 602 1192 641 filius
1620 613 1694 650 39⁰³

209 683 251 707 ιο
269 669 369 706 meu’
390 667 619 717 deliquisset
641 669 732 706 med
753 681 844 717 erga
862 675 929 706 aut
951 665 1096 720 [quasi]
1118 681 1197 706 non
1218 669 1400 717 pluruma
1691 656 1694 662 ⁸

269 733 474 771 malefacta
494 734 581 771 mea
601 739 732 771 essent
753 732 880 772 solida
899 732 938 770 in
958 731 1237 772 adulescentia.

269 798 445 847 profecto
465 797 676 836 deliramus
698 797 896 837 interdum
917 811 1040 836 senes.

269 863 338 900 sed
362 863 462 900 meu’
482 862 627 900 sodalis
650 862 677 900 it
698 875 788 900 cum
810 863 955 912 praeda
975 861 1210 912 Apoecides.

270 927 403 966 uenire
424 928 574 966 saluom
599 934 855 966 mercatorem
875 927 1041 977 gaudeo.
1618 934 1685 975 395

211 1005 249 1037 15
270 991 366 1042 quid
416 993 486 1030 fit?
561 993 633 1030 ΑΡ.
683 991 723 1030 di
771 993 949 1042 deaeque
998 999 1036 1030 te
1082 992 1284 1031 adiuuant.
1362 994 1431 1031 PE.
1480 1006 1599 1031 omen

1459 1059 1598 1107 placet.

270 1123 343 1161 ΑΡ.
374 1122 470 1172 quin
492 1122 614 1161 omini
635 1135 774 1161 omnes
795 1129 1011 1173 suppetunt
1030 1136 1090 1161 res
1111 1135 1331 1173 prosperae.

269 1188 338 1226 sed
361 1195 401 1226 tu
423 1189 549 1228 †hanc
570 1187 707 1228 iubes†
727 1187 830 1226 intro
849 1186 1007 1226 abduci.
1068 1189 1136 1226 PE.
1168 1189 1265 1226 heus
1283 1190 1291 1226 l
1326 1188 1428 1226 foras

267 1253 368 1292 exite
389 1255 466 1292 huc
486 1253 636 1304 aliquis.
696 1255 798 1292 duce
819 1253 932 1292 istam
954 1252 1057 1291 intro
1078 1252 1292 1291 mulierem.

267 1327 386 1369 atque
405 1318 556 1357 audin?
612 1319 675 1357 SE.
708 1318 805 1368 quid
826 1317 916 1356 uis?
973 1319 1041 1356 PE.
1074 1331 1171 1356 caue
1192 1317 1275 1356 siris
1295 1331 1386 1356 cum
1407 1317 1486 1356 filia
1616 1332 1687 1367 400

207 1398 248 1420 20
268 1397 355 1422 mea
375 1383 549 1434 copulari
571 1384 673 1422 hanc
694 1397 823 1433 neque
844 1383 1082 1434 conspicere.
1142 1382 1219 1421 iam
1241 1384 1380 1422 tenes?

268 1449 306 1487 in
327 1449 546 1488 aediculam
569 1448 693 1487 istanc
715 1461 866 1487 sorsum
888 1447 1073 1487 concludi
1094 1449 1198 1486 uolo.

267 1513 470 1553 diuortunt
491 1526 618 1552 mores
640 1512 778 1563 uirgini
801 1514 916 1563 longe
936 1526 982 1551 ac
1003 1514 1128 1563 lupae.

268 1581 340 1617 ΑΡ.
373 1579 490 1618 docte
510 1585 548 1617 et
568 1577 764 1628 sapienter
784 1577 894 1616 dicis.
954 1575 1207 1629 num<quam)
1226 1577 1333 1616 nimi’
1353 1585 1483 1628 potest

269 1643 498 1694 pudicitiam
519 1642 728 1693 quisquam
750 1655 844 1681 suae
865 1656 1019 1681 seruare
1040 1642 1153 1681 filiae.
1616 1653 1682 1693 405

210 1719 250 1752 ²5
269 1709 411 1759 edepol
432 1722 482 1747 ne
502 1708 615 1746 istam
640 1721 657 1741 *
684 1708 847 1759 temperi
867 1715 987 1758 gnato
1007 1715 1077 1747 tuo

310 1811 372 1849 384
396 1811 456 1841 sed
473 1821 518 1840 an
534 1811 593 1841 sed
613 1811 645 1841 id
673 1811 780 1841 incert.
813 1809 879 1842 cod.
1002 1820 1060 1841 cor
1083 1809 1272 1849 sapientiae
1290 1810 1365 1847 (pro
1379 1809 1547 1849 sapientia
1564 1815 1595 1848 e,

266 1853 316 1885 i.e.
336 1856 427 1892 est3)
449 1878 454 1883 .
473 1878 479 1885 .
501 1877 508 1884 .
527 1854 657 1893 possint
682 1853 741 1884 del.
776 1853 910 1894 Geppcrt
934 1853 992 1892 (iv.
1018 1855 1049 1886 ι)
1190 1853 1254 1892 388
1278 1852 1340 1882 huc
1354 1855 1476 1892 transp.
1495 1852 1599 1883 Brix:

260 1901 334 1938 post
347 1906 410 1936 393
419 1897 517 1928 exln'b.
532 1897 596 1928 md.
622 1902 629 1934 t
636 1898 731 1937 prius
748 1908 812 1927 om.
828 1901 961 1938 propter
975 1896 1160 1928 lromocotel.
1174 1898 1184 1927 ³
1203 1897 1238 1926 ii.
1251 1898 1287 1934 6)
1377 1906 1450 1926 mea
1461 1896 1596 1935 quidem

265 1940 444 1979 Acu'dalr'us,
466 1941 612 1979 rhythmi
625 1951 723 1971 causa
860 1941 924 1980 389
947 1941 1042 1979 quasi
1061 1939 1120 1971 del.
1141 1939 1274 1970 Guietus
1374 1949 1438 1977 ego
1466 1938 1599 1970 Gus‘etus

267 1984 319 2024 (ch
340 1994 369 2015 v.
390 1986 469 2023 goel
531 1985 655 2015 dudum
678 1984 811 2015 Guietus
829 1995 834 2014 :
861 1985 939 2014 dum
953 1983 1019 2014 cod.
1109 1992 1175 2021 390
1195 1982 1245 2013 vel
1259 1992 1323 2021 ego
1339 1983 1415 2013 med
1432 1993 1438 2012 :
1464 1986 1598 2021 egomet

268 2039 319 2058 me
345 2025 481 2057 Mueller
503 2028 554 2067 (cs.
581 2039 608 2059 v.
641 2028 722 2068 389)
857 2037 914 2066 391
945 2037 1040 2057 meus
1060 2026 1107 2064 J:
1142 2025 1259 2056 melius
1284 2025 1350 2056 cod.
1443 2035 1496 2056 me
1519 2024 1593 2056 Ital.

267 2072 362 2111 quasi
388 2070 446 2102 del.
465 2070 590 2101 Rus-111
679 2070 822 2110 plurima
840 2069 941 2100 Pius:
968 2070 1155 2109 plurumum
1174 2069 1240 2100 cod.
1362 2070 1426 2108 396
1451 2069 1486 2099 fit
1497 2067 1569 2099 [tal.
1589 2079 1595 2098 :

266 2115 309 2145 sit
324 2114 390 2144 cod.
480 2115 638 2145 adiuuant
659 2115 730 2156 [res
748 2113 910 2153 propere]
931 2113 988 2143 Ρε.
1006 2112 1074 2144 cod.
1093 2114 1147 2151 (ex
1162 2123 1191 2144 v.
1211 2113 1291 2152 397)
1431 2122 1494 2152 397
1520 2121 1596 2151 pro-

267 2167 368 2197 spere
384 2157 459 2189 Ital.
472 2159 635 2197 (vel-rae)
651 2169 657 2189 2
684 2166 829 2196 propere
845 2156 912 2186 cod.
1011 2157 1075 2195 398
1099 2154 1203 2196 hanc]
1221 2156 1328 2186 istanc
1339 2155 1424 2186 Bn'x
1501 2155 1596 2186 iubes

267 2201 350 2241 (ΡΞ)
374 2202 422 2231 vcl
445 2201 563 2232 lubens
590 2200 654 2241 (Β)
679 2199 766 2230 cod.:
800 2198 876 2230 iube
901 2199 947 2230 sis
973 2199 1154 2231 Gruterus:
1188 2199 1264 2230 iube
1290 2199 1318 2229 si
1346 2199 1437 2239 sapis
1462 2197 1598 2238 Sejffert

269 2256 331 2283 404
358 2255 536 2284 numquam
555 2244 727 2274 Flvckcr'scn
744 2254 750 2273 ι
782 2252 859 2272 num
877 2242 943 2274 cod.
1079 2251 1142 2281 405
1167 2242 1359 2281 pudicitiam
1377 2243 1452 2281 quis
1467 2241 1597 2280 Bentley·

269 2288 344 2326 (del.
379 2298 502 2327 quam;
535 2288 572 2326 (fi
600 2286 645 2317 ad
668 2297 694 2317 v.
723 2287 803 2324 404)
958 2286 1022 2324 406
1041 2289 1114 2325 post
1141 2285 1236 2316 istam
1263 2296 1327 2316 ras,
1355 2287 1376 2315 8
1403 2286 1464 2315 lm.
1487 2285 1520 2314 in
1545 2284 1593 2316 B:

270 2332 365 2362 istam
389 2329 534 2373 (hodie)
557 2330 713 2360 Mueller:
753 2329 851 2359 istam
876 2326 934 2370 (in
959 2327 1056 2370 ipso>
1079 2327 1216 2359 Rcdslob
1241 2328 1342 2369 (Berl.
1373 2327 1456 2358 Pln'l.
1488 2325 1594 2358 chh.

270 2385 322 2412 22,
343 2385 421 2415 553)
515 2379 666 2412 tempore
684 2372 748 2403 cod.
