1727 2702
92 107 207 146 III.i
602 107 647 144 T.
684 106 864 146 MACCI
897 108 1100 145 PLAVTI

189 217 261 256 Cv.
294 215 584 267 superstitiosus
605 214 832 265 hicquidem
854 224 924 263 est,
947 230 1039 255 uera
1058 215 1281 266 praedicat;

187 295 278 320 nam
305 280 309 331 Ι
337 280 447 319 illaec
468 281 688 330 catapultae
707 280 759 319 ad
781 293 844 319 τηε
864 281 1002 319 crebro
1021 287 1256 319 commeant.

186 347 432 393 adulescens,
452 345 505 383 ob
525 357 607 383 rem
629 344 828 394 publicam
850 346 926 384 hoc
947 344 1051 383 intus
1071 343 1168 383 mihi

129 425 168 456 30
187 412 295 461 quod
317 409 467 460 insigne
487 409 630 457 habeo,
651 422 800 459 quaeso
820 423 870 448 ne
891 423 953 448 me
974 408 1205 448 incomities.

189 477 258 514 Lv.
290 475 432 514 licetne
454 476 630 521 inforare,
655 473 686 513 si
708 473 953 514 incomitiare
974 488 1054 513 non
1075 474 1195 513 licet?

187 543 259 581 Cv.
292 555 372 580 non
393 540 580 580 inforabis
602 553 665 579 me
687 540 860 590 quidem,
883 554 957 579 nec
978 539 1073 579 mihi
1093 541 1222 590 placet

187 614 296 645 tuom
318 607 494 657 profecto
514 618 588 644 nec
609 606 737 644 forum
758 618 832 644 nec
852 604 1068 644 comitium.

187 672 256 710 sed
282 672 387 709 hunc
407 684 526 722 quem
548 684 694 721 quaero
717 677 998 709 commostrare
1019 669 1050 709 si
1071 677 1194 721 potes,

129 751 166 784 35
188 737 303 777 inibis
323 751 346 776 a
367 751 430 776 me
450 737 618 776 solidam
640 744 678 776 et
699 738 888 787 grandem
908 736 1082 788 gratiam.

189 804 390 852 Lyconem
410 816 557 853 quaero
579 801 815 852 tarpezitam.
877 803 945 840 Lv.
978 801 1042 841 die
1064 801 1171 849 mihi,

187 868 283 919 quid
304 881 395 906 eum
417 881 522 906 nunc
542 866 727 918 quaeris?
756 874 823 905 aut
843 866 1053 917 quoiati's?
1110 868 1183 907 Cv.
1214 868 1385 917 eloquar.

186 934 237 972 ab
257 931 608 983 Therapontigono
630 931 880 982 Platagidoro
900 931 1033 970 milite.

189 1000 258 1037 Lv.
291 998 384 1037 noui
404 999 547 1048 edepol
567 1011 727 1044 nomen,
749 1010 841 1036 nam
863 996 959 1035 mihi
975 996 1073 1036 istoc
1093 996 1265 1044 nomine,

125 1083 169 1115 40
187 1065 283 1103 dum
305 1063 443 1110 scribo,
467 1062 621 1114 expleui
642 1071 744 1102 totas
764 1077 872 1102 ceras
892 1070 1087 1113 quattuor.

188 1130 257 1168 sed
278 1128 374 1179 quid
397 1130 598 1178 Lyconem
620 1127 804 1179 quaeris?
860 1130 932 1168 Cv.
965 1129 1234 1167 mandatumst
1253 1126 1349 1165 mihi

188 1201 230 1232 ut
251 1195 320 1232 has
341 1194 504 1232 tabellas
524 1193 576 1232 ad
597 1206 688 1232 eum
710 1194 861 1232 ferrem.
921 1194 992 1231 Lv.
1023 1192 1111 1243 quis
1132 1199 1173 1231 tu
1195 1192 1377 1231 homo‘s?

188 1260 260 1298 Cv.
291 1259 452 1297 libertus
473 1258 588 1306 illius,
608 1272 727 1309 quem
748 1271 888 1298 omnes
908 1259 1169 1298 Summanum
1190 1264 1346 1295 uocant.

189 1325 258 1362 Lv.
291 1326 517 1371 Summane,
540 1325 658 1363 salue.
717 1323 785 1374 qui
806 1324 1086 1363 Summanu's?
1114 1324 1174 1361 fac
1194 1321 1328 1361 sciam.

127 1403 167 1437 45
189 1390 260 1429 Cv.
293 1388 384 1439 quia
405 1389 650 1436 uestimenta,
673 1388 742 1427 ubi
762 1388 987 1428 obdormiui
1008 1388 1150 1437 ebrius,

187 1468 407 1502 summano,
431 1454 484 1493 ob
504 1467 591 1493 eam
612 1467 693 1493 rem
716 1467 780 1493 me
800 1467 940 1493 omnes
960 1455 1221 1493 Summanum
1242 1460 1399 1492 uocant.

189 1521 258 1558 Lv.
290 1519 383 1559 alibi
405 1527 442 1558 te
463 1519 619 1558 meliust
641 1532 827 1570 quaerere
848 1519 1062 1570 hospitium
1084 1518 1178 1558 tibi:

186 1586 292 1636 apud
315 1584 377 1624 me
398 1586 574 1636 profecto
596 1584 692 1623 nihil
713 1592 772 1623 est
793 1586 1011 1624 Summano
1031 1584 1117 1623 loci.

187 1651 257 1689 sed
277 1649 394 1689 istum
415 1663 534 1701 quem
555 1649 710 1700 quaeris
730 1663 804 1700 ego
825 1663 922 1688 sum.
981 1650 1053 1689 Cv.
1085 1662 1244 1699 quaeso,
1267 1655 1360 1687 tune
1381 1647 1412 1687 is
1433 1661 1484 1694 es,

126 1733 168 1765 50
189 1717 296 1765 Lyco
317 1715 529 1766 tarpezita?
586 1716 656 1753 Lv.
689 1728 763 1765 ego
783 1728 882 1753 sum.
941 1716 1013 1754 Cv.
1046 1716 1209 1753 multam
1231 1727 1294 1752 me
1315 1713 1385 1752 tibi

186 1782 351 1819 salutem
373 1780 483 1819 iussit
503 1779 876 1831 Therapontigonus
896 1779 1038 1826 dicere,

186 1853 223 1884 ct
246 1847 314 1884 has
336 1846 498 1884 tabellas
519 1846 611 1884 dare
634 1858 697 1883 me
719 1844 840 1883 iussit.
902 1845 970 1882 Lv.
1004 1843 1158 1882 mihin?
1214 1844 1285 1882 Cv.
1318 1842 1380 1881 ita.

186 1925 294 1961 cape,
317 1911 471 1961 signum
493 1924 623 1949 nosce.
685 1909 846 1948 nostin?
903 1911 972 1947 Lv.
1004 1908 1142 1959 quidni
1163 1907 1371 1947 nouerim?

187 1978 390 2026 clupeatus
410 1977 664 2026 elephantum
687 1975 754 2013 ubi
778 1975 984 2013 machaera
1003 1973 1139 2024 diligit.

126 2054 165 2087 55
187 2042 259 2081 Cv.
291 2042 399 2091 quod
422 2040 483 2079 isti
505 2040 691 2090 scriptum
714 2047 784 2087 est,
807 2039 847 2078 id
868 2047 906 2078 te
926 2052 1035 2078 orare
1055 2038 1218 2077 iusserat

187 2107 363 2156 profecto
383 2113 425 2143 ut
446 2106 603 2152 faceres,
627 2118 736 2143 suam
759 2104 789 2142 si
811 2106 933 2143 uelles
952 2103 1125 2154 gratiam.

232 2211 296 2249 398
313 2210 394 2249 sort.
420 2210 462 2240 ad
493 2213 544 2240 me
569 2214 633 2240 cat.
793 2219 854 2247 401
890 2207 976 2249 non]
1005 2207 1092 2239 haud
1117 2206 1227 2246 Bothe,
1254 2205 1399 2246 rhythmi
1418 2215 1517 2236 causa

190 2265 253 2292 402
278 2254 389 2293 placet
412 2253 639 2284 Hermolaus:
674 2251 810 2291 placens
835 2252 899 2284 cod.
920 2252 993 2291 (vix
1012 2257 1072 2292 pro
1096 2250 1266 2290 placenst)
1293 2248 1365 2289 (scd
1384 2249 1420 2289 cf
1441 2248 1516 2280 cisa

191 2299 271 2336 642)
426 2307 489 2336 407
521 2296 570 2327 vel
591 2295 757 2335 quoiate's
902 2306 965 2334 412
998 2296 1100 2326 seri-et
1125 2293 1189 2325 cod.
1219 2296 1255 2322 u!
1278 2291 1340 2323 vid.
1370 2293 1453 2331 (-em
1475 2291 1516 2330 J)

193 2351 254 2379 414
280 2350 475 2372 summancs
485 2351 532 2371 sa.
545 2339 609 2370 cod.
700 2348 762 2376 415
778 2339 858 2378 sort.
871 2338 971 2380 (ubi)
988 2339 1057 2370 ubi:
1074 2336 1193 2379 (mea)
1204 2337 1257 2366 ubi
1269 2335 1453 2374 Fleckeisen,
1470 2335 1523 2365 cui

193 2385 304 2416 hiatus
319 2385 352 2414 in
366 2390 476 2425 pansa
493 2383 634 2424 displice!
768 2393 830 2420 424
857 2383 915 2413 tibi
934 2381 984 2412 PE
1118 2380 1224 2419 diligit
1241 2382 1376 2410 testatur
1392 2377 1520 2409 Nonius

195 2439 280 2470 290:
305 2428 445 2459 dessicit
458 2426 524 2458 cod.
538 2427 573 2465 (i.
587 2437 610 2457 e.
626 2426 768 2465 dissicit)

1536 423 1608 456 400

1540 753 1605 789 40⁵

1537 1077 1606 1112 ,με

1536 1400 1604 1438 41⁵

1536 1726 1607 1759 420

1536 2049 1602 2086 425
