1727 2712
661 94 868 132 CASINA
1354 90 1430 129 ΙΙΙ.
1453 90 1499 127 iii

105 204 445 255 rogitare-oportet
466 205 571 255 prius
592 213 629 243 et
651 204 844 244 contarier

105 269 259 308 adsitne
280 269 315 307 ei
335 269 490 307 animus
511 283 636 308 necne
656 268 726 321 (ei)
745 269 846 308 adsit
866 282 984 319 quem
1005 270 1198 308 aduocet:

106 334 137 372 si
158 342 274 384 neget
294 336 442 382 adesse,
467 335 731 374 exanimatum
751 334 905 373 amittat
925 335 1101 373 domum.

106 401 176 438 sed
197 401 358 439 uxorem
379 408 470 439 ante
490 400 599 439 aedis
620 413 765 438 eccam.
815 401 850 437 ei
872 399 1014 438 misero
1036 399 1131 437 mihi
1148 402 1155 438 !

20 477 83 514 575
106 473 240 503 metuo
261 479 310 504 ne
331 479 413 503 non
434 465 481 503 sit
502 466 619 504 surda
637 472 756 515 atque
777 465 875 503 haec
894 464 1099 503 audiuerit.

105 531 177 569 CL.
207 530 343 568 audiui
364 538 516 569 ecastor
536 544 625 568 cum
648 531 751 568 malo
773 543 917 580 magno
938 537 1017 568 tuo.

106 596 176 633 Lv.
199 596 387 634 accedam
410 595 580 645 propius.
640 595 737 645 quid
757 595 849 645 agis,
873 609 962 633 mea
982 594 1203 634 festiuitas?

107 661 177 699 CL.
209 667 247 698 te
268 669 420 698 ecastor
440 660 715 710 praestolabar.
776 662 845 698 Lv.
878 659 1009 699 iamne
1029 668 1167 699 ornata
1187 661 1293 699 rest?

106 725 237 764 iamne
257 726 360 763 hanc
382 725 551 763 traduxti
572 727 650 763 huc
669 726 721 764 ad
742 739 815 764 nos
836 725 1008 764 uicinam
1030 733 1138 764 tuam

21 794 89 838 580
106 804 208 841 quae
228 798 266 830 te
286 790 507 829 adiutaret?
564 792 634 830 CL.
666 790 862 838 arcessiui,
885 798 927 829 ut
947 790 1123 830 iusseras.

106 869 242 894 uerum
264 855 328 894 hic
349 856 494 894 sodalis
515 863 614 903 tuos,
637 855 786 894 amicus
808 863 1005 905 optumus,

106 920 338 971 nescioquid
359 934 400 959 se
421 920 590 958 sufflauit
610 920 719 959 uxori
740 934 856 959 suae:

106 985 264 1036 negauit
283 999 410 1036 posse,
434 985 622 1036 quoniam
643 999 808 1032 arcesso,
833 985 996 1025 mittere.

107 1053 177 1089 Lv.
209 1051 350 1090 uitium
372 1051 443 1090 tibi
464 1051 563 1090 istuc
585 1065 812 1089 maxumum
834 1060 902 1098 est,
926 1051 1073 1090 blanda
1092 1065 1133 1090 es
1154 1065 1303 1103 parum.

18 1119 82 1164 585
106 1117 176 1156 CL.
210 1130 291 1155 non
313 1124 580 1155 matronarum
601 1116 822 1163 officiumst,
845 1117 914 1155 sed
937 1116 1212 1164 meretricium,

104 1181 195 1220 uiris
216 1181 364 1229 alienis,
388 1182 441 1219 mi
462 1181 531 1228 uir,
555 1181 852 1220 subblandirier.

104 1246 115 1284 i
136 1248 177 1284 tu
198 1254 317 1297 atque
337 1260 489 1285 arcesse
510 1246 616 1284 illam
633 1262 639 1285 :
670 1260 742 1296 ego
763 1246 867 1284 intus
888 1248 997 1297 quod
1017 1248 1158 1286 factost
1178 1260 1279 1298 opus

105 1313 198 1350 uolo
218 1325 411 1359 accurare,
436 1312 488 1350 mi
510 1311 578 1350 uir.
639 1314 709 1350 LY.
741 1325 906 1362 propera
927 1326 1028 1362 ergo.
1089 1314 1159 1352 CL.
1192 1312 1294 1351 licet.

105 1377 183 1416 iam
204 1379 270 1428 pol
291 1391 364 1427 ego
386 1377 477 1416 huic
497 1377 669 1428 aliquem
691 1377 730 1415 in
752 1385 889 1427 pectus
910 1377 1068 1416 iniciam
1089 1385 1239 1416 metum
1253 1392 1265 1426 3

21 1452 87 1491 590
106 1442 380 1482 miserrumum
402 1442 522 1482 hodie
543 1456 615 1492 ego
636 1444 742 1481 hunc
763 1443 920 1481 habebo
940 1442 1200 1481 amasium.—

388 1554 714 1591 ALCEslmvs
825 1554 1153 1592 LYS1DAMvs

105 1637 178 1673 AL.
210 1634 307 1674 Viso
328 1636 416 1682 huc,
440 1642 592 1674 amator
612 1634 644 1673 si
664 1647 687 1672 a
707 1635 791 1672 foro
812 1633 925 1672 rediit
945 1635 1123 1681 domum,

104 1699 172 1749 qui
194 1713 256 1739 me
276 1708 395 1750 atque
416 1713 577 1739 uxorem
598 1698 849 1747 ludificatust,
871 1700 989 1737 larua.

105 1766 176 1804 sed
196 1779 334 1804 eccum
355 1773 446 1805 ante
466 1765 586 1804 aedis.
646 1765 697 1803 ad
718 1772 755 1803 te
776 1765 906 1803 hercle
926 1763 1033 1803 ibam
1054 1765 1323 1803 commodum.

105 1830 176 1867 Lv.
209 1838 247 1868 et
267 1832 398 1869 hercle
418 1844 491 1881 ego
511 1832 562 1869 ad
583 1838 631 1869 te.
691 1829 787 1880 quid
807 1829 873 1876 ais,
897 1829 955 1867 uir
975 1829 1128 1867 minimi
1149 1829 1276 1880 preti?

20 1907 84 1944 595
106 1895 202 1945 quid
224 1895 294 1934 tibi
316 1897 533 1935 mandaui?
562 1896 658 1946 quid
680 1904 810 1934 tecum
833 1895 971 1933 oraui?
1026 1897 1099 1933 AL.
1132 1894 1228 1945 quid
1249 1896 1337 1933 est?

107 1961 175 1998 LY.
209 1969 251 1999 ut
271 1962 374 2001 bene
395 1962 557 2001 uociuas
577 1961 685 2001 aedis
707 1960 832 2000 fecisti
853 1960 960 2007 mihi,

105 2034 147 2063 ut
168 2027 371 2065 traduxisti
392 2029 470 2066 huc
490 2028 541 2066 ad
563 2041 634 2066 nos
655 2040 816 2065 uxorem
837 2034 945 2064 tuam
963 2029 969 2063 !

106 2091 206 2129 satin
227 2100 385 2142 propter
405 2100 443 2131 te
463 2106 581 2142 pereo
601 2105 674 2141 ego
694 2099 812 2141 atque
833 2090 1019 2130 occasio?

108 2158 181 2194 AL.
214 2157 309 2206 quin
330 2166 371 2195 tu
393 2158 601 2207 suspendis
622 2158 689 2194 tc?
717 2158 848 2206 nemp’
868 2164 951 2194 tute
971 2156 1122 2195 dixeras

151 2270 210 2300 571
248 2262 481 2300 percontarier
511 2260 660 2301 Eylades,
696 2261 748 2290 cui
779 2265 871 2300 prius
903 2259 1045 2301 displicet
1207 2271 1270 2301 572
1304 2261 1334 2292 ei
1361 2260 1437 2293 add.

105 2303 238 2345 Seyffert
383 2307 446 2345 578
481 2316 536 2336 res
563 2311 615 2335 est
644 2304 756 2335 codd:
797 2314 850 2334 res
881 2304 983 2335 Bothe
1129 2314 1193 2343 579
1217 2305 1281 2336 huc
1305 2316 1370 2337 om.
1404 2305 1438 2336 A

107 2348 170 2386 585
196 2349 389 2389 officiumst]
410 2348 560 2389 [parum]
581 2355 632 2380 est
650 2348 793 2379 officium
809 2348 906 2387 P(iv.
920 2347 956 2387 3)
1036 2347 1098 2387 587
1124 2348 1246 2379 factust
1259 2349 1291 2378 A
1377 2358 1443 2388 590

106 2392 195 2422 hunc
211 2403 276 2431 ego
293 2392 403 2423 habeo
420 2393 452 2423 P
547 2403 609 2432 594
633 2392 679 2423 At
697 2390 822 2432 (Atque
840 2391 909 2430 PE)
928 2402 991 2430 ego
1009 2390 1166 2421 hercleP
1282 2402 1347 2432 599
1370 2402 1440 2423 sus-

107 2436 237 2474 pendes
254 2435 287 2465 P

1459 279 1499 302 10

1461 608 1498 640 ¹5

1460 932 1501 955 20

1461 1264 1498 1296 ²5

1458 1551 1505 1589 iv

1457 1910 1476 1943 5
