1727 2712
710 87 1036 134 BACCHIDES
1463 85 1533 128 IV.
1555 88 1617 126 vii

205 216 362 260 egomet
381 209 545 247 tabellas
565 207 675 246 tetuli
696 215 738 245 ut
758 205 935 245 uincirer.
994 204 1089 243 sine.

206 277 272 313 Νι.
304 280 510 324 propterea
529 274 606 312 hoc
626 272 727 311 facio
747 278 789 310 ut
810 272 976 310 suadeas
995 277 1115 321 gnato
1136 282 1226 308 meo

205 347 247 378 ut
269 346 539 390 pergraecetur
559 346 700 384 tecum,
724 337 970 376 teruenefice.
1559 343 1596 375 15

206 406 283 445 CH.
317 418 342 443 o
362 405 489 451 stulte,
513 404 640 450 stulte,
663 401 790 441 nescis
812 415 917 440 nunc
938 400 1073 440 uenire
1093 408 1155 448 te3

119 473 185 518 815
205 478 324 520 atque
345 469 384 507 in
405 482 525 519 eopse
545 476 648 507 astas
669 467 810 518 lapide,
835 474 877 505 ut
897 479 1039 517 praeco
1061 465 1274 516 praedicat.

207 537 272 574 Νι.
305 536 525 586 responde:
555 533 643 584 quis
664 546 728 572 me
748 532 915 571 uendit?
972 533 1050 572 CH.
1083 545 1202 581 quem
1224 529 1264 569 di
1285 528 1454 579 diligunt

204 602 437 640 adulescens
460 600 632 647 moritur,
655 600 752 638 dum
774 600 888 644 ualet,
913 597 1040 643 sentit,
1065 596 1175 647 sapit.

205 667 312 705 hunc
332 665 364 705 si
384 667 486 704 ullus
506 667 605 705 deus
625 671 783 712 amaret,
807 665 893 714 plus
913 662 1026 701 annis
1047 663 1198 708 decem,
1562 673 1600 694 20

206 733 293 782 plus
314 730 391 770 iarn
413 730 551 781 uiginti
572 737 770 769 mortuom
792 741 878 768 esse
899 727 1096 778 oportuit:

119 798 188 832 820
206 795 318 834 terrai
338 795 451 847 (iam)
471 795 607 835 odium
627 795 815 841 ambulat,
838 793 916 832 iam
937 793 991 831 nil
1013 792 1113 843 sapit

206 875 279 901 nec
300 861 428 907 sentit,
452 860 587 899 tantist
607 859 781 910 quantist
802 860 944 909 fungus
964 857 1136 908 putidus.

207 927 273 964 Νι.
305 933 376 964 tun
397 933 520 964 terrae
542 939 605 963 me
626 924 763 963 odium
785 937 870 962 esse
890 924 1102 961 autumas?
1130 920 1318 960 abducite
1338 921 1446 959 hunc

206 991 309 1030 intro
328 999 447 1042 atque
468 990 669 1041 astringite
690 991 740 1029 ad
762 991 989 1029 columnam
1010 987 1170 1026 fortiter.
1564 1001 1602 1030 ²5

207 1070 425 1107 numquam
445 1058 597 1095 auferes
618 1056 711 1094 hinc
730 1068 878 1093 aurum.
940 1055 1018 1093 CH.
1051 1052 1159 1103 atqui
1180 1052 1257 1090 iarn
1279 1050 1403 1090 dabis.

120 1126 185 1170 825
207 1123 274 1160 Νι.
306 1123 442 1161 dabo?
499 1123 578 1162 CH.
610 1129 729 1171 atque
750 1119 879 1159 orabis
901 1133 963 1158 me
984 1118 1146 1169 quidem
1167 1119 1270 1156 ultro
1290 1125 1333 1155 ut
1352 1117 1538 1163 auferam,

206 1201 328 1238 quom
348 1187 459 1226 illum
481 1187 665 1226 rescisces
686 1185 976 1225 criminatorem
998 1198 1130 1223 meum

205 1261 355 1304 quanto
375 1253 415 1291 in
436 1252 583 1303 periclo
604 1260 642 1291 et
663 1259 812 1302 quanta
831 1251 871 1289 in
892 1249 1064 1301 pernicie
1085 1249 1167 1288 siet.

206 1327 289 1357 tum
311 1318 532 1358 libertatem
554 1318 746 1367 Chrysalo
766 1315 979 1366 largibere3
1564 1327 1606 1358 30

206 1397 280 1435 ego
300 1385 402 1423 adeo
423 1397 641 1434 numquam
662 1381 866 1432 accipiam.
926 1383 992 1419 Νι.
1025 1380 1100 1428 dic,
1124 1381 1316 1419 scelerum
1337 1386 1467 1429 caput,

119 1458 188 1500 830
207 1449 282 1496 die,
305 1450 385 1500 quo
406 1449 446 1487 in
467 1448 613 1500 periclo
634 1455 692 1487 est
714 1449 815 1486 meu'
839 1446 1112 1485 Mnesilochus
1134 1445 1267 1484 filius?

207 1516 284 1555 CH.
317 1528 481 1565 sequere
501 1516 575 1553 hac
597 1527 671 1560 me,
694 1514 782 1552 faxo
803 1512 880 1551 iam
901 1512 1011 1551 scies.
1072 1513 1137 1550 Νι.
1170 1525 1251 1561 quo
1270 1510 1476 1561 gentium?

207 1581 285 1620 CH.
317 1579 384 1618 tris
414 1593 515 1618 unos
544 1592 692 1629 passus.
753 1579 818 1616 N1.
851 1578 914 1616 uel
948 1578 1099 1616 decem.
1170 1578 1248 1616 CH.
1280 1577 1449 1626 agedum
1486 1583 1542 1623 tu,

1361 1643 1538 1688 Artamo‚

207 1712 331 1750 forem
352 1712 455 1750 hanc
475 1710 732 1761 pauxillulum
752 1708 858 1760 aperi
873 1723 884 1758 3
912 1707 1077 1760 placide,
1101 1721 1151 1746 ne
1171 1721 1287 1758 crepa
1302 1721 1312 1755 3
1563 1717 1603 1749 35

208 1784 266 1815 sat
286 1784 355 1815 est.
413 1777 560 1816 accede
580 1777 658 1814 huc
679 1783 731 1814 tu.
782 1774 903 1814 uiden
923 1773 1183 1813 conuiuium?

121 1843 186 1887 835
209 1843 274 1880 Νι.
307 1841 427 1881 uideo
446 1843 709 1880 exaduorsum
731 1839 989 1879 Pistoclerum
1010 1847 1048 1877 et
1070 1837 1322 1877 Bacchidem.

208 1908 286 1947 CH.
319 1907 387 1957 qui
407 1915 498 1946 sunt
518 1907 559 1944 in
579 1908 683 1945 lecto
702 1905 770 1945 illo
790 1907 941 1945 altero?
998 1906 1065 1943 Νι.
1097 1903 1225 1942 interii
1247 1903 1372 1942 miser.

208 1973 285 2012 CH.
318 1972 517 2011 nouistine
537 1971 771 2010 hominem?
827 1972 893 2009 N1.
926 1970 1032 2009 noui.
1097 1971 1174 2009 CH.
1208 1968 1272 2007 dic
1293 1969 1410 2007 sodes
1432 1967 1539 2015 mihi,

208 2038 338 2077 bellan
359 2038 515 2077 uidetur
535 2037 665 2088 specie
685 2036 854 2075 mulier?
910 2037 976 2074 Νι.
1008 2035 1238 2074 admodum.
1563 2047 1605 2077 40

210 2103 288 2142 CH.
321 2102 417 2153 quid
438 2102 555 2149 illam,
579 2100 877 2141 meretricemne
899 2114 984 2139 esse
1006 2101 1173 2138 censes?
1234 2100 1272 2137 N
1278 2111 1301 2136 1.
1334 2097 1544 2148 quippini?

123 2167 193 2209 840
211 2168 289 2207 CH.
320 2169 459 2206 frustra
479 2181 532 2206 es.
592 2168 658 2204 Νι.
690 2166 778 2216 quis
798 2165 913 2216 igitur
933 2166 1165 2215 opsecrost?
1222 2165 1299 2203 CH.
1332 2163 1540 2202 inueneris.

209 2247 256 2271 ex
276 2246 339 2272 me
360 2233 522 2283 quidem
544 2232 664 2271 hodie
684 2245 902 2282 numquam
924 2231 993 2269 fies
1013 2230 1164 2269 certior.

254 2337 314 2366 811
341 2342 378 2367 ut
394 2347 460 2367 om.
476 2335 508 2366 Β
608 2336 673 2365 820
696 2335 762 2365 iarn
776 2334 851 2364 add.
867 2335 893 2375 (ἓ
922 2332 988 2364 Leo
1091 2333 1154 2370 824
1180 2336 1212 2362 at
1224 2329 1325 2374 (pol)
1337 2332 1393 2371 qui
1409 2330 1545 2362 Mueller

211 2381 273 2419 833
297 2380 476 2420 pausillum
493 2378 557 2411 cod.
577 2391 582 2409 :
608 2389 685 2409 corr.
707 2377 846 2417 Pylades
863 2381 907 2416 (v.
924 2378 961 2417 8)
1052 2381 1169 2416 crepet
1185 2376 1349 2415 Angelius
