1727 2712
702 82 909 122 CASINA
1422 84 1476 121 II.
1500 83 1546 121 iii

57 206 121 246 255
142 206 258 232 seruo
277 193 376 244 frugi
396 201 515 245 atque
535 194 603 233 ubi
624 193 677 233 illi
698 194 801 233 bene
820 193 869 232 sit
889 193 1007 244 ligno,
1029 206 1133 244 aqua
1152 194 1290 242 calida,
1312 194 1415 243 cibo,

141 258 400 307 uestimentis,
423 260 571 311 ubique
591 261 735 299 educat
754 273 897 311 pueros
917 273 1017 310 quos
1039 260 1163 310 pariat
1181 259 1301 313 (sibi),
1496 278 1539 310 40

141 337 261 375 quarn
282 324 336 363 illi
357 338 473 364 seruo
494 338 665 375 nequam
687 327 768 372 des,
791 324 983 375 armigero
1004 325 1073 363 nili
1093 332 1213 376 atque
1233 325 1412 376 inprobo,

142 388 236 439 quoi
257 389 410 428 homini
431 390 551 429 hodie
571 389 701 440 peculi
722 403 909 429 nummus
930 403 1012 428 non
1033 397 1092 429 est
1112 391 1334 441 plumbeus.

142 455 212 494 CL.
246 454 388 494 mirum
409 464 561 494 ecastor
581 463 619 494 te
638 462 798 494 senecta
816 454 945 494 aetate
965 455 1139 494 officium
1160 463 1271 495 tuom

53 524 122 560 260
141 533 222 558 non
244 520 481 559 meminisse.
541 522 612 559 Lv.
644 520 740 571 quid
767 520 875 559 iam?
931 521 1002 560 CL.
1035 520 1138 571 quia,
1161 522 1193 560 si
1221 522 1340 561 facias
1370 529 1475 562 recte

1159 594 1226 625 aut
1246 589 1471 636 commode,

138 663 202 689 me
222 651 326 689 sinas
348 664 482 690 curare
501 651 674 698 ancillas,
697 664 798 701 quae
818 664 907 690 mea
927 659 986 690 est
1006 651 1167 690 curatio.
1489 668 1532 700 45

139 716 209 754 Lv.
241 716 320 767 qui,
343 718 502 765 malum,
526 715 679 754 homini
703 716 941 766 scutigerulo
968 717 1061 756 dare
1081 717 1221 756 lubet?
1277 718 1348 757 CL.
1380 718 1473 768 quia

1264 782 1369 821 enim
1392 783 1473 821 filio

137 860 210 886 nos
231 854 386 897 oportet
406 846 589 897 opitulari
609 846 738 885 unico.
800 848 869 885 Lv.
902 854 941 885 at
961 860 1204 897 quamquam
1226 847 1393 896 unicust,

136 912 261 951 nihilo
282 912 405 963 magis
426 913 490 951 ille
511 912 668 951 unicust
689 912 786 950 mihi
807 912 908 950 filius
930 926 1048 962 quam
1071 926 1144 962 ego
1165 913 1218 951 illi
1240 921 1371 964 pater:

50 984 115 1029 265
136 977 246 1016 illum
268 977 321 1016 mi
341 978 523 1028 aequiust
543 991 663 1028 quam
685 976 747 1015 me
768 977 822 1015 illi
843 990 944 1028 quae
965 979 1058 1016 uolo
1078 980 1309 1018 concedere.

137 1044 208 1083 CL.
240 1051 282 1082 tu
299 1051 451 1082 ecastor
467 1043 548 1091 tibi,
564 1044 698 1091 homo,
718 1044 861 1081 malam
883 1057 964 1082 rem
981 1044 1146 1094 quaeris.
1199 1046 1270 1083 Lv.
1303 1046 1470 1090 subolet,
1493 1061 1534 1092 50

1331 1111 1469 1150 sentio.

134 1175 290 1224 egone?
338 1175 408 1214 CL.
441 1182 494 1213 tu.
536 1187 628 1212 nam
650 1173 746 1224 quid
768 1173 964 1224 friguttis?
993 1174 1089 1224 quid
1111 1175 1211 1214 istuc
1232 1183 1312 1214 tarn
1327 1176 1471 1227 cupide

1328 1242 1439 1292 cupis
1454 1244 1470 1281 ?

133 1306 204 1344 ΙΝ.
237 1313 279 1345 ut
299 1305 406 1345 enim
427 1305 526 1356 frugi
547 1319 662 1344 seruo
682 1306 797 1344 detur
817 1305 949 1356 potius
970 1319 1089 1356 quam
1111 1319 1226 1345 seruo
1247 1306 1426 1357 inprobo.

134 1372 204 1411 CL.
237 1371 333 1422 quid
355 1372 386 1411 si
407 1385 480 1422 ego
501 1372 670 1422 impetro
689 1379 808 1421 atque
829 1384 947 1410 exoro
967 1385 990 1409 a
1011 1371 1130 1410 uilico
1151 1384 1289 1410 caussa
1310 1386 1397 1411 mea

45 1447 116 1482 270
133 1444 175 1475 ut
196 1450 283 1476 earn
305 1437 358 1476 illi
386 1437 616 1488 permittat?
673 1438 742 1476 Lv.
775 1437 872 1487 quid
899 1436 930 1475 si
952 1450 1025 1487 ego
1045 1445 1177 1476 autem
1205 1437 1256 1476 ab
1276 1431 1470 1488 armigero

1301 1503 1469 1554 impetro

130 1582 216 1607 eam
238 1569 293 1607 illi
312 1568 542 1620 permittat?
570 1576 690 1619 atque
710 1569 788 1607 h6c
808 1569 928 1607 credo
949 1568 1231 1619 impetrassere.
1488 1582 1527 1615 55

130 1634 200 1673 CL.
233 1634 432 1672 conuenit.
482 1634 543 1672 uis
563 1633 639 1672 tuis
662 1633 876 1673 Chalinum
897 1635 975 1672 huc
996 1647 1162 1673 euocem
1184 1634 1314 1673 uerbis
1336 1635 1468 1674 foras?

128 1701 170 1737 tri
191 1713 282 1738 eum
303 1707 425 1746 orato,
448 1713 522 1750 ego
542 1707 675 1738 autem
697 1699 819 1737 orabo
841 1698 1013 1737 uilicum.
1075 1701 1144 1738 Lv.
1177 1713 1271 1738 sane
1292 1702 1395 1739 uolo.

128 1765 198 1803 CL.
240 1764 317 1802 iam
366 1764 430 1803 hic
478 1763 559 1802 erit.
611 1777 718 1802 nunc
766 1763 1010 1814 experiemur
1058 1772 1235 1803 nostrum
1284 1773 1369 1804 uter
1416 1766 1464 1805 sit

1215 1831 1463 1869 blandior.—

42 1903 84 1938 27
91 1904 107 1941 5
129 1896 199 1933 Lv.
232 1896 428 1934 Hercules
447 1895 570 1946 dique
590 1895 704 1933 istam
725 1896 903 1945 perdant,
925 1897 1034 1946 quod
1055 1909 1161 1934 nunc
1182 1895 1297 1934 liceat
1317 1896 1458 1936 dicere.

125 1973 199 2011 ego
219 1961 433 2000 discrucior
454 1961 570 2000 miser
590 1974 737 2009 amore,
757 1961 822 1999 illa
840 1968 973 1999 autem
994 1961 1105 2011 quasi
1127 1961 1179 1999 ob
1200 1961 1432 2000 industriam
1479 1967 1523 2001 60

169 2067 233 2105 256
256 2065 319 2096 sibi
336 2064 412 2096 add.
429 2064 556 2096 Schoell
643 2075 704 2105 257
731 2065 877 2106 [potius]
895 2076 994 2105 quam
1010 2065 1075 2098 cod.
1097 2066 1149 2106 (cf.
1168 2077 1197 2097 v.
1213 2066 1291 2107 253)
1362 2067 1459 2098 nihili

126 2107 255 2139 Merula
272 2121 279 2140 :
304 2110 366 2140 nisi
383 2108 447 2140 cod.
577 2109 641 2148 258
665 2109 720 2139 vix
734 2109 837 2140 hodie
963 2110 1028 2140 260
1052 2115 1144 2140 recte
1161 2110 1234 2141 Ital.
1250 2121 1256 2141 ε
1279 2115 1373 2141 certe
1389 2111 1456 2143 cod.

128 2153 178 2192 (css
192 2152 284 2192 Epid.
299 2153 333 2192 5)
426 2157 459 2183 et
475 2152 554 2183 pan
695 2154 758 2183 262
782 2153 874 2184 iubet
890 2152 940 2183 PE
1040 2153 1107 2183 filio
1122 2165 1196 2184 cum
1209 2155 1310 2184 unico
1322 2160 1456 2195 permu-

125 2196 206 2226 tavit
225 2195 335 2235 Bothe,
356 2196 676 2237 proceleusmaticum
698 2196 778 2227 dare
806 2195 897 2227 lubet
922 2197 1030 2227 vitans
1163 2199 1226 2237 264
1251 2197 1306 2227 ille
1323 2199 1456 2230 unicust

127 2239 280 2280 Geppert:
305 2240 424 2270 unicus
441 2245 492 2270 est
510 2239 568 2269 ille
584 2239 650 2270 cod.
666 2239 701 2280 (i.
714 2250 737 2271 e.
758 2246 879 2271 uncust
898 2240 954 2270 ille
966 2241 992 2281 3)
1082 2241 1148 2270 266
1170 2242 1242 2272 sub.
1259 2246 1344 2272 sent.
1363 2241 1456 2272 Cleu-

124 2287 244 2313 stratae
259 2284 427 2314 continuat
442 2282 508 2314 cod.
611 2284 674 2322 267
699 2283 778 2322 quid
797 2284 816 2314 i.
837 2284 920 2314 tarnl
941 2294 1015 2314 nam
1033 2284 1114 2324 quid
1132 2285 1151 2315 i.
1169 2284 1256 2315 codd.
1273 2284 1379 2315 Nonii
1390 2287 1456 2324 308

126 2327 247 2363 (citatio
274 2326 456 2368 neglegens)
613 2336 673 2365 271
702 2326 782 2369 (ut)
803 2337 876 2358 eam
904 2327 1039 2358 Gm'etns
1126 2328 1177 2358 vel
1197 2328 1262 2358 illic
1352 2330 1454 2360 credo

123 2368 222 2412 (me)
245 2369 464 2411 Camerarius,
484 2369 564 2400 Reiz
704 2380 766 2409 272
791 2371 866 2401 uuis
882 2370 950 2402 cod.
971 2371 1006 2412 (i.
1025 2382 1048 2402 e.
1068 2371 1136 2412 uis)
1155 2383 1161 2402 :
1185 2372 1240 2402 uin
1260 2370 1381 2403 Morrt's
1397 2373 1450 2413 (cf

123 2413 172 2446 ad
183 2413 297 2445 Bacch.
315 2414 393 2455 873)
529 2414 592 2453 276
616 2413 781 2445 industria
798 2414 862 2447 cod.
