1727 2712
686 75 916 115 CAPTIVI
1429 73 1475 110 V.
1496 72 1528 110 ii

150 198 280 235 neque
296 198 362 223 ero
386 190 575 236 umquam
592 201 599 225 :
630 199 679 224 ne
700 198 810 236 spem
831 198 956 236 ponas
978 198 1042 224 me
1063 185 1191 223 bonae
1212 184 1309 235 frugi
1330 186 1422 223 fore.

152 253 231 289 HE.
256 252 546 300 propemodum
568 250 635 289 ubi
652 250 729 289 loci
745 251 924 288 fortunae
941 257 1031 289 tuae
1052 250 1129 288 sint
1145 249 1258 288 facile
1274 249 1476 300 intellegis.
1500 261 1517 292 5

150 317 182 354 si
201 316 275 355 eris
296 330 423 362 uerax,
448 325 513 354 tua
533 330 580 354 ex
600 330 640 355 re
661 315 882 354 facies—ex
902 317 1005 354 mala
1026 315 1306 353 meliusculam.

61 383 131 427 960
149 388 253 419 recte
274 388 312 419 et
333 395 425 419 uera
445 382 617 431 loquere,
636 382 706 420 sed
727 394 857 431 neque
872 379 951 432 (tu)
965 394 1056 419 uere
1074 394 1204 430 neque
1224 388 1328 419 recte
1348 381 1480 419 adhuc

148 445 272 484 fecisti
300 459 502 496 umquam.
561 448 624 485 ST.
656 447 766 496 quod
786 458 860 496 ego
879 446 1011 493 fatear,
1034 445 1169 484 credin
1189 446 1336 496 pudeat
1357 458 1478 495 quom

1270 512 1479 549 autumes?

149 577 230 614 HE.
253 584 292 614 at
312 589 385 626 ego
406 576 546 615 faciam
564 584 606 615 ut
621 577 779 627 pudeat,
796 589 888 614 nam
905 575 944 614 in
961 576 1144 614 ruborem
1161 584 1199 613 te
1215 583 1342 614 totum
1359 575 1474 613 dabo.

147 641 210 678 ST.
239 638 338 685 heia,
361 640 482 678 credo
502 653 576 690 ego
596 639 765 689 inperito
786 640 919 689 plagas
940 637 1130 675 minitaris
1152 637 1258 675 mihi.
1498 659 1536 680 10

147 705 309 743 tandem
330 704 451 742 istaec
472 705 591 750 aufer,
615 703 679 742 dic
700 702 796 752 quid
817 703 903 749 fers,
926 710 968 740 ut
990 704 1088 741 feras
1109 703 1202 741 hinc
1223 706 1330 753 quod
1351 705 1460 754 petis.

59 768 124 814 965
148 771 228 807 ΗΕ.
261 768 344 807 sati'
366 770 582 807 facundu's.
632 769 702 807 sed
723 767 800 806 iarn
822 767 903 806 fieri
923 767 1038 806 dictis
1059 769 1152 806 uolo
1182 769 1475 818 compendium.

147 835 209 873 ST.
242 842 285 873 ut
314 834 373 873 uis
404 835 481 873 fiat.
542 834 622 872 HE.
655 833 758 873 bene
788 832 1002 883 morigerus
1030 833 1102 871 fuit
1128 846 1237 884 puer,
1265 848 1370 873 nunc
1396 848 1477 872 non

1350 901 1474 938 decet.

146 966 223 1003 hoc
253 977 424 1015 agamus.
485 964 562 1002 iam
592 963 769 1002 animum
804 964 970 1001 aduorte
1002 976 1049 1001 ac
1083 963 1179 1001 mihi
1211 976 1313 1013 quae
1346 965 1476 1003 dicam

1294 1030 1474 1069 edissere.

145 1096 178 1133 si
198 1095 271 1134 eris
293 1108 419 1141 uerax,
442 1093 498 1146 (e)
518 1094 594 1132 tuis
614 1094 731 1133 rebus
752 1094 888 1133 feceris
910 1094 1169 1133 meliusculas.
1500 1111 1534 1141 ¹5

146 1161 208 1198 ST.
240 1174 368 1210 nugae
399 1160 518 1199 istaec
547 1167 648 1198 sunt.
708 1173 788 1198 non
819 1172 882 1197 me
911 1172 1048 1199 censes
1082 1160 1180 1199 scire
1209 1160 1305 1211 quid
1335 1161 1477 1211 dignus

1350 1227 1446 1265 siem
1460 1229 1478 1266 ?

56 1302 126 1338 970
147 1292 228 1329 HE.
261 1298 299 1329 at
320 1304 366 1329 ea
386 1293 654 1342 supterfugere
674 1290 777 1341 potis
798 1303 839 1328 es
859 1303 995 1340 pauca,
1019 1290 1050 1328 si
1072 1304 1152 1329 non
1173 1291 1316 1330 onmia.

145 1357 207 1395 ST.
231 1369 357 1407 pauca
373 1357 577 1407 ecfugiam,
594 1356 675 1394 scio
684 1371 693 1403 ς
715 1369 805 1394 nam
824 1357 946 1393 multa
963 1356 1158 1403 euenient,
1169 1365 1206 1394 et
1220 1357 1358 1395 merito
1372 1370 1473 1406 meo,

143 1421 236 1471 quia
257 1429 294 1460 et
315 1421 394 1471 fugi
415 1430 452 1460 et
474 1422 543 1460 tibi
566 1421 744 1471 surrupui
767 1420 889 1458 filium
912 1428 949 1458 et
970 1434 1060 1459 eum
1082 1421 1256 1460 uendidi.

145 1488 225 1524 HE.
258 1488 353 1536 quoi'
373 1487 554 1526 homini?
611 1488 673 1525 ST.
703 1486 1026 1524 Theodoromedi
1048 1485 1087 1524 in
1100 1486 1218 1525 Alide
1236 1487 1472 1537 Polyplusio,
1496 1503 1537 1525 20

144 1566 209 1590 sex
244 1551 371 1590 minis
424 1554 504 1590 HE.
541 1565 611 1603 pro
646 1551 686 1590 di
721 1551 958 1599 inmortales,
992 1551 1023 1590 is
1057 1551 1219 1602 quidem
1254 1552 1383 1591 huiius
1418 1560 1475 1591 est

1354 1625 1473 1668 pater.

56 1691 122 1728 975
144 1682 385 1720 Philocrates
403 1685 409 1720 ἒ
467 1684 529 1721 ST.
554 1682 649 1732 quin
671 1682 810 1720 melius
831 1681 926 1720 noui
946 1695 1065 1732 quarn
1087 1690 1125 1720 te
1146 1690 1183 1720 et
1204 1682 1286 1721 uidi
1308 1683 1471 1733 saepius.

145 1749 224 1785 HE.
258 1761 380 1794 serua,
400 1747 578 1798 Iuppiter
598 1761 790 1798 supreme,
809 1755 846 1786 et
868 1746 930 1786 me
952 1755 989 1785 et
1010 1761 1141 1786 meum
1163 1755 1325 1797 gnatum
1348 1748 1453 1786 mihi.

144 1812 397 1859 Philocrates,
417 1826 486 1862 per
506 1821 616 1851 tuom
638 1821 676 1850 te
695 1812 853 1862 genium
876 1813 1050 1863 opsecro,
1074 1812 1144 1860 exi,
1168 1821 1206 1851 te
1226 1814 1318 1851 uolo
1336 1816 1342 1851 !

185 1925 248 1954 957
275 1925 455 1954 numquam
482 1915 629 1946 Vahlen:
654 1926 808 1954 umquam
834 1915 894 1946 cod
927 1916 978 1955 (cf.
1006 1915 1092 1947 Men.
1124 1926 1203 1956 1027
1230 1927 1292 1947 nec
1317 1927 1473 1956 umquam

139 1963 200 1998 pro
217 1969 278 1989 nec
302 1969 348 1998 n.‚
369 1958 486 1990 Pseud.
508 1960 569 1997 136
582 1969 692 1998 neque
706 1969 862 1998 umquam
871 1965 931 1999 pro
948 1970 980 1990 n.
1000 1961 1131 1999 numq.)
1223 1960 1282 2000 ne]
1297 1971 1407 1999 neque
1418 1961 1471 1990 PE

141 2001 221 2044 (in)
237 2012 332 2041 spem
352 2002 486 2033 Gm'etus
603 2012 668 2042 959
691 2003 785 2033 verba
809 2013 852 2033 ex
877 2003 952 2033 mal.
977 2003 1051 2034 mel.
1079 2003 1258 2044 Stalagmo
1275 2004 1332 2034 dat
1348 2003 1476 2036 Sclzoell

141 2047 208 2084 960
231 2050 265 2076 tu
282 2045 356 2076 add.
375 2045 514 2084 Pylades
531 2046 701 2086 (scriplum
723 2050 791 2076 erat
810 2047 1056 2086 nequ&uuere)
1223 2049 1287 2087 964
1311 2048 1375 2078 ista
1391 2048 1471 2086 cod,

133 2089 250 2128 forma
270 2090 326 2120 vix
340 2089 501 2120 Plautina
632 2091 696 2128 965
721 2090 751 2120 d.
775 2090 1010 2129 compendium
1035 2091 1112 2122 uolo
1135 2090 1200 2121 cod.
1219 2103 1226 2121 :
1250 2092 1321 2121 tras.
1348 2091 1473 2126 Bothe,-

144 2132 234 2163 dicta
258 2132 436 2172 compendi
470 2133 548 2163 uolo
581 2132 717 2164 Guietus
861 2135 924 2172 967
948 2143 986 2164 ac
1019 2133 1248 2165 Camerarius:
1290 2136 1371 2164 haec
1401 2136 1467 2166 cod.

143 2177 208 2214 968
231 2177 298 2207 secl.
324 2176 452 2207 Schoell
552 2187 596 2207 ex
615 2177 663 2216 (e)
687 2175 762 2208 add.
791 2176 1000 2207 Camerarius
1145 2188 1210 2217 970
1234 2179 1379 2217 potisses
1403 2178 1469 2210 cod.

143 2229 203 2258 971
227 2223 302 2259 post
322 2230 387 2258 973
411 2219 571 2250 traditum
595 2220 644 2250 ln'c
667 2221 804 2260 reposuit
827 2220 922 2250 Valla
1065 2231 1130 2260 973
1155 2222 1319 2251 theodoro
1337 2222 1470 2252 medico

142 2262 207 2293 cod.
320 2274 384 2303 975
403 2262 603 2303 philocratis
623 2263 676 2294 B:
702 2263 884 2295 Philocrati
912 2264 1086 2297 Fleckeisen
1184 2270 1217 2296 tu
1240 2264 1321 2296 Weil
1405 2275 1469 2306 977

142 2306 278 2344 genium
296 2306 368 2338 Ital.
388 2319 394 2338 ε
419 2308 590 2346 ingenium
607 2306 672 2338 cod.
