1727 2712
708 77 914 117 CASINA
1419 71 1469 109 II.
1489 69 1504 108 1

198 192 269 230 sed
289 190 372 229 fori'
394 188 636 241 concrepuit,
659 195 778 238 atque
799 199 917 237 eapse
937 198 1072 224 eccam
1094 183 1309 234 egreditur!

252 270 333 295 non
353 257 419 307 pol
441 269 509 306 per
529 262 686 305 tempus
707 253 779 292 iter
798 253 876 294 huc
897 250 951 289 mi
972 249 1111 300 incepi.

411 373 729 410 MYRRHINA
842 368 1220 407 CLEvsTRATA
1498 367 1530 403 ii

13 465 126 515 165-6
146 461 230 500 Mv.
263 458 495 510 Sequimini,
513 457 690 504 comites,
719 455 760 494 in
787 466 1024 506 proxumum
1046 465 1109 490 me
1129 452 1218 489 huc.
1277 451 1375 489 heus
1395 462 1477 496 uos,

787 519 923 570 ecquis
944 520 1042 557 haec
1062 530 1164 567 quae
1184 518 1324 566 loquor
1343 514 1481 553 audit?

308 604 382 641 ego
402 590 466 628 hic
487 602 565 637 ero,
588 588 647 627 uir
667 587 699 626 si
719 594 786 626 aut
807 584 1002 636 quispiam
1025 589 1196 633 quaeret.

14 665 126 709 168—9
254 670 346 695 nam
367 655 436 694 ubi
456 654 567 694 domi
588 655 672 693 sola
691 666 790 700 sum,
814 664 932 702 sopor
954 662 1094 688 manus
1116 647 1292 686 caluitur.

14 736 123 772 170—1
200 721 322 761 iussin
344 722 476 759 colum
497 719 585 758 ferri
607 718 733 757 mihi?
790 718 862 757 CL.
896 713 1110 765 Myrrhina,
1135 713 1252 751 salue.

16 800 126 836 172—3
203 788 286 825 Mv.
318 787 426 824 salue
447 792 651 824 mecastor.
712 783 782 822 sed
803 781 900 832 quid
920 787 962 819 tu
984 792 1024 818 es
1046 777 1173 825 tristis,
1197 776 1372 815 amabo?
1502 789 1521 821 5

16 862 125 899 174-5
148 852 219 892 CL.
248 851 302 889 ita
322 852 451 890 solent
471 863 611 889 omnes
632 861 734 899 quae
754 854 845 886 sunt
866 846 969 884 male
989 851 1136 895 nuptae
1153 858 1160 881 :

17 918 126 962 176-7
201 916 312 955 domi
333 924 371 955 et
391 915 484 954 foris
505 927 619 965 aegre
640 914 750 964 quod
771 912 843 950 siet
865 910 947 949 sati’
970 922 1125 960 semper
1147 915 1215 947 est.

310 994 403 1019 nam
424 993 498 1031 ego
518 979 625 1018 ibam
645 979 696 1017 ad
717 985 764 1016 te.
827 978 912 1014 Mv.
943 982 982 1014 et
1003 975 1069 1025 pol
1090 986 1163 1024 ego
1184 973 1259 1011 isto
1278 973 1329 1011 ad
1350 978 1399 1010 te.

311 1047 381 1085 sed
401 1045 498 1096 quid
519 1052 577 1084 est
598 1044 708 1094 quod
728 1050 797 1081 tuo
817 1054 924 1080 nunc
944 1040 1079 1079 animo
1098 1039 1278 1088 aegrest?

18 1118 126 1152 180-1
366 1124 458 1149 nam
479 1110 588 1161 quod
608 1109 679 1148 tibi
700 1115 758 1147 est
778 1106 903 1158 aegre,
927 1105 1034 1145 idem
1055 1104 1146 1142 mist
1167 1103 1350 1142 diuidiae.
1507 1118 1547 1140 10

149 1180 220 1219 CL.
252 1178 383 1225 credo,
424 1184 591 1224 ecastor,
629 1189 721 1214 narn
760 1174 933 1213 uicinam
972 1170 1174 1210 neminem
1213 1182 1304 1207 amo
1347 1168 1486 1206 merito

1171 1234 1285 1284 magi’
1306 1246 1425 1284 quam
1448 1241 1485 1272 te

422 1321 496 1347 nec
515 1320 595 1358 qua
614 1306 655 1345 in
676 1307 786 1357 plura
806 1312 897 1344 sunt

50 1380 134 1422 183⁸
422 1373 519 1411 mihi
540 1385 642 1422 quae
662 1384 735 1422 ego
755 1370 885 1409 uelim.

369 1440 454 1477 Mv.
484 1450 576 1476 amo
596 1445 646 1483 te,
668 1444 787 1486 atque
807 1435 907 1473 istuc
927 1440 1070 1484 expeto
1090 1432 1188 1471 scire
1208 1431 1304 1481 quid
1326 1430 1384 1468 sit.

22 1509 132 1554 »es-6
205 1505 276 1544 CL.
309 1502 503 1555 pessumis
523 1515 588 1540 me
608 1500 738 1555 modis
759 1499 983 1550 despicatur
1004 1497 1124 1537 domi.
1510 1510 1547 1542 15

206 1571 289 1608 Mv.
322 1570 426 1616 hem,
449 1567 546 1618 quid
566 1567 654 1605 est?
684 1565 749 1604 dic
771 1564 877 1604 idem
901 1564 1007 1616 (narn
1028 1564 1094 1613 pol
1115 1563 1193 1600 hau
1215 1561 1298 1600 sati’
1319 1573 1410 1599 meo

205 1635 325 1673 corde
344 1632 481 1683 accepi
501 1632 694 1683 querellas
717 1631 834 1681 tuas),
858 1641 1032 1679 opsecro.

206 1700 277 1740 CL.
310 1698 368 1737 uir
388 1711 452 1736 me
473 1698 593 1735 habet
613 1694 807 1746 pessumis
827 1694 1071 1744 despicatam
1092 1691 1234 1738 modis,

69 1775 135 1811 190
206 1777 280 1803 nec
301 1762 397 1801 mihi
417 1763 478 1801 ius
498 1775 632 1800 meum
654 1759 861 1811 optinendi
882 1758 992 1809 optio
1012 1765 1081 1796 est.

207 1830 291 1867 Mv.
324 1828 421 1867 mira
441 1835 546 1874 sunt,
566 1839 659 1865 uera
680 1825 711 1864 si
732 1824 951 1876 praedicas,
972 1837 1063 1861 nam
1084 1821 1157 1860 uiri
1509 1836 1550 1858 20

201 1894 265 1933 ius
286 1907 399 1932 suom
420 1894 471 1932 ad
492 1891 675 1931 mulieres
696 1890 874 1941 optinere
895 1891 973 1928 hau
994 1872 1155 1939 queunt.

198 2002 260 2039 163
284 2001 358 2040 ipsa
374 1999 408 2030 A
427 2011 434 2030 :
459 2009 500 2030 ea
519 1999 592 2038 ipsa
608 1997 642 2028 P
749 2006 828 2027 ecca
847 1995 880 2026 A
991 1994 1166 2034 egreditur
1185 1993 1273 2024 foras
1290 1992 1324 2023 P
1338 1992 1390 2033 (cf.
1407 1992 1486 2033 630)

155 2044 181 2085 (2
193 2045 289 2076 troch.
300 2045 434 2085 septen.)
571 2043 631 2081 164
657 2039 712 2081 pol
728 2051 794 2071 om.
813 2040 846 2070 A
939 2039 1005 2069 huc
1022 2049 1089 2069 om.
1109 2037 1160 2068 P:
1175 2037 1258 2076 sort.
1279 2036 1342 2067 hoc
1355 2037 1488 2076 (pron.)

158 2089 219 2119 166
241 2089 360 2127 loquar
373 2086 406 2117 P
509 2087 570 2125 169
594 2095 695 2116 manu
713 2083 875 2123 scalpitur
891 2082 925 2113 P
1034 2083 1095 2121 178
1120 2081 1206 2111 istuc
1227 2079 1314 2111 codd.
1430 2080 1486 2109 181

155 2132 292 2163 diuidue
308 2130 342 2161 P
431 2131 502 2170 182,
526 2130 586 2168 183
610 2139 679 2159 uno
697 2137 791 2159 versu
813 2126 934 2157 exhibet
948 2126 981 2156 A
1092 2126 1152 2156 182
1176 2123 1225 2155 vel
1238 2133 1337 2162 mage
1430 2124 1491 2162 183

155 2175 266 2206 sintA
380 2174 441 2205 186
465 2173 550 2216 [uir]
570 2183 659 2213 pess.
680 2172 714 2202 A
729 2171 780 2211 (cf.
794 2182 823 2202 v.
842 2170 918 2210 189)
1005 2175 1067 2210 pro
1090 2169 1150 2199 hoc
1163 2177 1256 2198 versu
1274 2177 1323 2197 vv.
1342 2167 1413 2205 189,
1431 2176 1491 2205 190

151 2219 246 2268 ponit
260 2217 299 2249 P.
348 2216 451 2249 Credo
473 2218 507 2248 in
525 2216 702 2248 recensione
714 2215 828 2255 aliqua
839 2225 890 2246 vv.
909 2214 1012 2253 185—8
1022 2214 1128 2244 eiectos
1138 2211 1249 2261 scrisse
1339 2210 1491 2249 despicat

155 2262 264 2336 ιιὲιτίρΑ)
279 2260 442 2335 Leoidem
460 2257 897 2347 [hgffil’ssffiffbfzjffsjssffi
911 2252 1493 2342 ἕεηεηέῐεὸςῖςεᾳιξιιὲἶῑὲατειιῖῖῖδίἰζῐῳές

159 2351 308 2390 189—534
333 2347 415 2381 deest
429 2348 462 2378 A
603 2356 665 2387 190
685 2352 759 2389 post
780 2346 838 2376 186
854 2344 888 2377 P
