1727 2712
661 159 1010 198 AMPHITRVO
1445 162 1492 199 V.
1514 159 1529 195 i

166 276 375 321 postquam
395 281 538 320 pueros
559 268 825 320 conspicatae,
846 277 1012 320 pergunt
1031 271 1082 308 ad
1102 282 1225 308 cunas
1246 269 1357 308 citae.

166 348 240 385 ego
259 348 381 373 cunas
401 334 584 373 recessim
606 347 739 373 rusum
761 347 921 373 uorsum
943 336 1094 373 trahere
1113 342 1152 374 et
1172 337 1328 381 ducere,
1513 336 1559 369 60

166 407 346 439 metuens
367 399 511 450 pueris,
532 399 627 438 mihi
649 398 864 438 formidans
879 414 889 448 3
918 406 1108 450 tantoque
1128 413 1276 450 angues
1296 399 1424 438 acrius

166 465 357 516 persequi.
416 472 627 516 postquam
648 465 852 515 conspexit
871 464 1009 515 anguis
1029 465 1094 503 ille
1113 466 1210 503 alter
1229 478 1337 516 puer,

57 544 143 580 1115
165 529 264 568 citus
285 543 306 568 e
326 529 438 568 cunis
458 529 595 576 exsilit,
617 529 709 568 facit
729 528 834 568 recta
854 529 894 567 in
914 529 1052 579 anguis
1072 529 1288 580 impetum:

164 596 325 633 alteram
346 596 466 633 altera
485 594 694 645 prehendit
714 607 779 633 eas
800 607 920 632 manu
941 594 1160 644 perniciter.

164 661 246 698 ΑΜ.
279 659 376 698 mira
396 673 602 707 memoras,
624 659 732 698 nimi’
751 659 1053 698 formidolosum
1074 659 1225 698 facinus
1245 660 1448 711 praedicas
1463 676 1474 709 3
1512 666 1556 711 65

164 737 256 762 nam
278 724 373 763 mihi
394 726 529 763 horror
550 725 728 763 membra
748 723 891 762 misero
911 724 1075 775 percipit
1096 724 1211 763 dictis
1231 725 1318 764 tuis.

164 789 260 840 quid
290 791 332 828 fit
362 789 540 828 deinde?
583 802 699 840 porro
732 790 904 839 loquere.
970 790 1042 827 BR.
1075 802 1172 840 puer
1203 791 1324 829 ambo
1356 791 1495 841 anguis

1352 856 1491 895 enicat.

55 933 146 960 1120
162 920 259 958 dum
280 921 379 959 haec
397 927 576 971 aguntur,
600 932 700 958 uoce
720 920 824 958 clara
843 921 1036 959 exclamat
1055 934 1216 960 uxorem
1238 928 1401 960 tuam—

163 987 245 1024 AM,
281 985 369 1036 quis
403 986 557 1024 homo?
632 986 707 1024 BR.
747 998 926 1024 summus
961 985 1172 1036 imperator
1204 986 1342 1025 diuom
1376 995 1495 1037 atque

1074 1051 1281 1090 hominum
1304 1053 1490 1103 Iuppiter.

162 1115 194 1154 is
214 1129 257 1155 se
275 1115 372 1155 dixit
391 1129 483 1155 cum
504 1117 727 1156 Alcumena
746 1117 849 1155 clam
869 1124 1104 1156 consuetum
1125 1116 1335 1165 cubitibus,
1515 1124 1557 1161 70

162 1194 334 1231 eumque
355 1180 479 1220 filium
500 1195 614 1220 suom
635 1195 721 1220 esse
741 1181 809 1232 qui
830 1181 914 1220 illas
933 1182 1071 1232 anguis
1092 1181 1229 1220 uicerit
1244 1197 1255 1230 ;

161 1247 327 1284 alterum
347 1253 458 1285 tuom
478 1259 565 1285 esse
584 1245 681 1285 dixit
701 1259 877 1297 puerum.
932 1248 1015 1285 AM.
1038 1248 1104 1297 pol
1126 1260 1188 1285 me
1209 1248 1287 1285 hau
1307 1247 1491 1297 paenitet,

54 1319 140 1357 1125
162 1310 193 1349 si
213 1310 304 1349 licet
324 1311 420 1349 boni
439 1311 650 1350 dimidium
673 1311 768 1350 mihi
789 1311 968 1350 diuidere
987 1325 1077 1350 cum
1101 1313 1209 1350 Ioue.

160 1375 225 1414 abi
245 1376 422 1425 domum,
444 1375 537 1415 iube
556 1390 651 1415 uasa
670 1390 767 1427 pura
785 1384 962 1415 actutum
982 1376 1164 1415 adornari
1184 1376 1292 1425 mihi,

161 1447 204 1478 ut
225 1439 334 1479 Iouis
353 1439 525 1492 supremi
546 1440 678 1479 multis
698 1441 836 1479 hostiis
857 1454 996 1492 pacem
1016 1450 1208 1492 expetam.
1514 1450 1553 1487 75

161 1518 235 1556 ego
255 1505 456 1545 Teresiam
475 1505 742 1545 coniectorem
763 1506 972 1545 aduocabo
992 1514 1031 1544 et
1051 1508 1257 1545 consulam

161 1571 258 1621 quid
274 1571 503 1610 faciundum
519 1579 677 1610 censeat
686 1586 697 1619 3
719 1571 835 1610 simul
851 1573 953 1610 hanc
969 1585 1049 1611 rem
1067 1580 1110 1610 ut
1126 1574 1228 1611 facta
1244 1581 1302 1611 est
1318 1576 1489 1624 eloquar.

53 1645 143 1681 1130
161 1637 230 1675 sed
258 1637 354 1686 quid
380 1637 486 1676 hoc?
519 1650 639 1687 quam
669 1637 800 1676 ualide
829 1637 969 1676 tonuit.
1038 1636 1093 1685 di,
1121 1651 1288 1688 opsecro
1318 1648 1490 1678 uostram

1356 1706 1487 1743 fidem.

684 1807 958 1845 IVPPITER
1508 1808 1539 1848 ii

163 1897 221 1946 JV·
254 1897 369 1934 Bono
387 1896 522 1934 animo
543 1909 595 1945 es,
617 1897 758 1935 adsum
779 1896 934 1943 auxilio,
954 1896 1205 1947 Amphitruo,
1227 1897 1299 1936 tfbi
1320 1905 1357 1935 et
1378 1898 1478 1937 tuis:

160 1960 257 1998 nihil
277 1968 335 1999 est
355 1962 465 2010 quod
485 1961 635 1999 timeas.
693 1960 875 2008 hariolos,
898 1961 1125 2011 haruspices

160 2025 271 2064 mitte
290 2025 419 2063 omnis
435 2040 445 2072 3
473 2039 575 2076 quae
595 2027 724 2064 futura
744 2033 782 2063 et
802 2039 904 2075 quae
924 2027 1026 2064 facta
1046 2028 1217 2076 eloquar,

160 2091 284 2128 multo
303 2091 406 2128 adeo
426 2090 567 2128 melius
587 2104 706 2140 quam
727 2090 793 2137 illi,
815 2103 937 2140 quom
959 2104 1045 2129 sum
1070 2091 1257 2142 Iuppiter.

50 2172 137 2207 1135
160 2155 328 2205 primum
349 2157 528 2193 omnium
548 2157 794 2194 Alcumenae
813 2169 970 2194 usuram
991 2156 1165 2207 corporis
1508 2173 1528 2208 5

160 2219 258 2269 cepi,
280 2226 319 2258 et
338 2219 556 2258 concubitu
576 2220 778 2270 grauidam
799 2219 873 2259 feci
894 2220 985 2258 filio.

207 2334 288 2355 1112
312 2334 482 2355 recessum
507 2323 594 2356 cod.:
636 2335 712 2355 corr.
742 2323 838 2354 Valla
974 2334 1055 2363 1115
1074 2329 1150 2365 post
1179 2326 1262 2355 1116
1284 2324 1375 2357 cod.:
1410 2336 1487 2358 corr.

160 2366 297 2406 Pylades
430 2378 512 2398 1120
545 2368 703 2398 inclamat
727 2367 844 2398 Dousa
981 2379 1063 2398 1122
1089 2368 1253 2399 cubilibus
1276 2369 1343 2400 cod.
1364 2381 1371 2401 ι
1409 2380 1481 2401 corr

160 2409 306 2451 ,Scaliger
415 2412 498 2452 1136
521 2412 617 2453 coepi
635 2411 700 2442 cod.
723 2411 774 2452 (cf.
797 2411 843 2442 ad
861 2412 938 2453 108)
