1727 2712
649 110 912 150 ASINARIA
1408 112 1438 152 I.
1457 114 1473 152 i

114 221 284 260 demiror
303 220 400 271 quid
420 221 469 260 sit
490 228 528 260 et
549 234 629 271 quo
651 222 793 259 euadat
814 234 900 259 sum
923 220 962 259 in
984 230 1102 260 metu.
1463 241 1503 274 35

116 288 189 324 DE.
222 286 407 336 equidem
429 286 511 325 scio
532 286 610 324 iam
632 286 733 324 filius
754 287 988 336 quod‘amet
1010 301 1120 326 meus

113 351 236 389 istanc
257 350 500 389 meretricem
522 365 543 389 e
564 363 757 401 proxumo
779 350 1038 390 Philaenium.

113 424 223 454 estne
244 417 319 454 hoc
340 424 382 454 ut
403 415 509 463 dico,
529 416 711 454 Libane?
768 417 828 454 L1.
861 423 1007 454 rectam
1028 416 1149 455 instas
1170 417 1287 456 uiam.

50 497 90 534 55
113 494 158 519 ea
178 494 237 519 res
258 488 326 519 est.
377 481 447 519 sed
468 494 558 519 eum
580 481 741 520 morbus
763 480 906 519 inuasit
925 481 1064 531 grauis.

115 548 190 584 DE.
222 545 318 596 quid
339 545 466 584 morbi
487 547 575 584 est?
631 547 692 584 L1.
725 545 818 596 quia
837 559 918 584 non
941 554 1156 597 suppetunt
1176 547 1291 586 dictis
1312 548 1414 586 data.
1464 565 1505 597 40

113 613 188 649 DE.
221 618 315 649 tune
336 624 376 649 es
397 611 552 649 adiutor
574 624 679 649 nunc
699 611 847 649 amanti
869 611 979 650 filio?

113 678 174 714 L1.
206 689 293 714 sum
313 689 419 723 uero,
442 684 480 714 et
500 678 597 714 alter
618 684 750 715 noster
770 684 828 715 est
850 677 1039 716 Leonida.

116 743 191 780 DE.
224 741 326 779 bene
346 742 477 780 hercle
497 741 622 779 facitis
645 741 683 780 et
702 755 725 779 a
746 755 809 780 me
830 741 934 780 initis
954 743 1128 792 gratiam.

48 813 95 847 60
113 820 250 845 uerum
272 820 400 844 meam
421 820 595 854 uxorem,
620 807 782 854 Libane,
805 807 932 846 nescis
953 808 1069 858 quali'
1089 809 1167 847 sit?

115 874 175 910 L1.
207 880 248 910 tu
270 871 418 921 primus
439 871 570 919 sentis,
595 885 668 910 nos
690 880 822 910 tamen
844 872 883 910 in
904 873 1029 923 pretio
1050 887 1195 912 sumus.
1465 891 1505 924 45

116 938 192 974 DE.
224 937 347 974 fateor
367 949 455 974 earn
475 949 561 975 esse
582 936 835 987 inportunam
856 945 975 988 atque
996 938 1304 978 incommodam.

116 1004 175 1040 L1.
207 1001 400 1053 posterius
421 1001 521 1040 istuc
543 1002 641 1041 dicis
663 1015 781 1052 quam
804 1004 923 1042 credo
943 1003 1025 1042 tibi.

116 1070 192 1106 DE.
225 1080 363 1106 omnes
383 1075 576 1117 parentes,
601 1067 764 1115 Libane,
788 1068 919 1107 liberis
940 1068 1031 1117 suis,

50 1140 92 1183 65
115 1133 183 1184 qui
204 1133 256 1171 mi
276 1133 566 1180 auscultabunt,
591 1133 735 1172 facient
756 1134 1086 1184 †obsequellam†

114 1197 248 1248 quipp'
269 1197 336 1248 qui
357 1211 470 1248 mage
489 1197 619 1236 amico
642 1206 801 1237 utantur
820 1207 939 1248 gnato
961 1207 998 1237 et
1019 1201 1228 1239 beneuolo.
1466 1216 1509 1248 50

112 1271 231 1313 atque
252 1275 409 1318 ego'me
430 1263 470 1301 id
491 1264 618 1302 facere
639 1264 792 1311 studeo,
816 1265 908 1302 uolo
928 1265 1048 1302 amari
1069 1279 1091 1303 a
1113 1266 1235 1314 meis3

114 1329 207 1366 uolo
228 1340 291 1366 me
311 1327 430 1377 patris
452 1327 527 1366 mei
550 1328 729 1376 similem,
753 1328 821 1378 qui
842 1342 980 1368 caussa
1001 1343 1088 1368 mea

115 1393 338 1432 nauclerico
359 1393 442 1443 ipse
463 1401 602 1432 ornatu
625 1407 693 1444 per
713 1394 906 1433 fallaciam

51 1474 98 1508 70
116 1472 235 1509 quam
254 1458 438 1496 amabam
458 1458 621 1497 abduxit
641 1459 692 1497 ab
712 1460 856 1498 lenone
878 1459 1080 1499 mulierem
1094 1475 1106 1509 3

115 1539 244 1576 neque
264 1525 405 1576 puduit
426 1539 517 1564 eum
538 1525 579 1564 id
599 1525 736 1564 aetatis
758 1527 1035 1576 sycophantias
1466 1540 1505 1574 55

114 1599 261 1630 struere
281 1599 319 1630 et
341 1591 542 1630 beneficiis
563 1605 627 1630 me
648 1605 778 1630 emere
797 1599 959 1642 gnatum
981 1605 1094 1631 suom
1116 1592 1200 1632 sibi.

115 1670 183 1695 eos
203 1670 267 1696 me
287 1658 527 1696 decretumst
547 1656 729 1707 persequi
750 1670 879 1696 mores
899 1657 1030 1707 patris.

116 1735 207 1760 nam
228 1735 292 1760 me
312 1722 432 1761 hodie
453 1721 579 1760 orauit
599 1721 840 1772 Argyrippus
862 1722 963 1760 filius

51 1799 94 1835 75
115 1786 171 1825 uti
192 1786 266 1825 sibi
286 1787 434 1825 amanti
455 1788 622 1825 facerem
643 1786 792 1837 argenti
812 1787 967 1837 copiam
984 1802 994 1835 ;

114 1860 152 1890 et
173 1852 213 1890 id
234 1865 308 1902 ego
328 1852 517 1902 percupio
537 1852 703 1903 opsequi
723 1859 843 1902 gnato
864 1866 977 1891 meo:
1462 1863 1506 1896 60

113 1918 207 1955 uolo
226 1917 347 1955 amari
369 1917 663 1957 †obsecutum†
686 1917 799 1965 illius,
823 1919 916 1956 uolo
935 1926 1040 1957 amet
1062 1932 1125 1958 me
1145 1928 1306 1970 patrem.

157 2029 196 2060 51
219 2024 294 2061 post
305 2031 332 2052 v.
353 2021 395 2060 83
413 2022 423 2051 ί
430 2022 460 2052 ii.
480 2023 522 2059 6;
540 2032 570 2062 p.
592 2022 667 2062 102)
747 2032 788 2060 52
812 2027 840 2052 el
856 2023 915 2052 lzoc
930 2022 996 2052 loco
1011 2026 1117 2053 exstat
1132 2028 1160 2053 et
1174 2024 1326 2054 adhaeret
1342 2025 1448 2055 versui

115 2074 152 2103 51
167 2068 242 2104 post
256 2075 284 2095 v.
305 2065 346 2103 83
365 2065 424 2103 (ι’ὁί
439 2065 504 2095 iam
521 2066 608 2105 scio)
666 2065 748 2105 fort.
769 2067 848 2106 quid
918 2071 1006 2097 amat
1023 2065 1153 2097 Lorenz
1267 2077 1310 2107 59
1334 2074 1366 2098 et
1383 2068 1441 2100 del.

115 2107 287 2138 Fleckeisen
376 2110 420 2139 60
443 2109 507 2139 siet
525 2109 590 2139 cod.
683 2111 750 2140 scis
765 2110 873 2149 qualis
894 2111 960 2140 siet
977 2109 1081 2140 Bothe
1177 2112 1219 2149 64
1244 2111 1357 2142 liberis
1375 2116 1445 2143 suis

116 2155 299 2192 suspectum
452 2153 494 2191 65
518 2152 569 2182 vel
582 2153 663 2182 mihi
765 2157 900 2183 testatur
914 2154 1143 2193 obsequellam
1161 2154 1291 2184 Nonius
1307 2165 1369 2194 215
1388 2156 1441 2194 (cs.

115 2195 215 2225 Arclt.
236 2194 311 2226 Lat.
332 2195 408 2226 Lex.
432 2204 478 2235 12,
496 2197 598 2235 592):
623 2196 880 2236 obsequentiam
895 2196 964 2227 edd.
1063 2200 1103 2237 67
1128 2208 1240 2228 amare
1261 2198 1326 2229 cod.
1349 2201 1439 2239 (corr.

115 2237 161 2278 Β)
186 2239 259 2279 (pro
283 2239 444 2278 amareil)
622 2241 666 2279 69
698 2240 892 2271 nauclerico
928 2240 1157 2272 Camerarius:
1188 2243 1351 2273 nauderio
1376 2242 1440 2274 cod.

118 2292 157 2320 72
182 2292 255 2312 mee
277 2292 330 2312 me
348 2283 440 2322 (corr.
462 2284 551 2313 mea}
572 2293 607 2313 re
623 2282 686 2314 cod.
708 2284 801 2324 (corr.
822 2284 894 2324 PE)
1010 2285 1051 2323 76
1075 2290 1108 2315 et
1130 2285 1161 2315 id
1186 2296 1215 2316 e.
1243 2286 1351 2327 perc.]
1378 2297 1443 2325 ego

116 2335 198 2355 sane
226 2326 325 2365 cupio
352 2325 438 2357 codd.
467 2326 571 2356 Nonii
593 2336 656 2365 454
690 2328 789 2368 (3pro
817 2338 881 2367 ego
902 2338 927 2358 s.
953 2338 980 2359 c.
1002 2328 1052 2366 id)
1172 2339 1210 2367 77
1236 2330 1337 2359 amari
1355 2329 1443 2362 codd.

115 2368 218 2398 Nonii
231 2378 291 2407 501
312 2369 352 2409 (s,
372 2380 400 2400 v.
424 2372 431 2386 ‘
441 2374 543 2409 genet.
560 2375 621 2410 pro
637 2370 746 2401 dativo
759 2370 784 2412 ')
803 2382 809 2402 :
834 2372 939 2402 amori
959 2371 1023 2402 cod.
1141 2373 1334 2403 obsecutam
1352 2373 1440 2405 codd.

116 2411 219 2441 Nonii
233 2413 268 2451 (a
279 2417 341 2452 pro
357 2414 394 2453 u)
411 2424 417 2442 ε
441 2414 640 2452 obsequium
658 2413 855 2446 Hermann:
872 2415 952 2453 fort.
975 2415 1016 2444 ob
1034 2416 1233 2454 opsequium
1252 2417 1410 2457 (fernum)
