1727 2712
591 101 948 140 MENAECHMI
1379 99 1431 136 ΙΙ.
1453 97 1500 136 ii1

106 213 215 252 ducit
236 213 411 251 lembum
433 213 649 252 dierectum
670 213 783 252 nauis
803 212 1057 264 praedatoria.

107 280 177 318 sed
198 292 271 329 ego
291 278 454 317 inscitus
475 278 542 329 qui
562 278 728 317 domino
749 292 812 317 me
832 279 1028 328 postulem
1050 277 1310 317 moderarier:

107 343 214 382 dicto
235 357 299 382 me
319 343 414 382 emit
434 343 674 391 audientem,
696 344 803 382 haud
824 343 1100 393 imperatorem
1120 343 1204 382 sibi.

0 390 86 469 {445
107 408 328 460 sequimini,
352 416 405 456 ut,
427 410 537 459 quod
564 409 799 460 imperatum
825 415 894 455 est,
918 408 1075 448 ueniam
1101 410 1315 447 aduorsum
1343 415 1438 447 tem-

1287 486 1438 523 peri.—

586 663 821 712 ACTVS
873 663 950 710 III

612 778 932 815 PENlcVLvs
1461 775 1575 813 111.i

107 864 177 901 PE.
210 864 302 901 Plus
322 862 479 913 triginta
506 863 510 914 Ι
535 863 649 902 annis
669 870 784 901 natus
805 876 903 910 sum,
927 876 1048 913 quom
1076 862 1080 914 l
1106 862 1253 901 interea
1272 864 1348 902 loci

107 940 325 977 numquam
346 927 560 978 quicquam
581 927 731 965 facinus
752 926 826 965 feci
846 927 957 978 peius
978 941 1108 977 neque
1128 927 1330 966 scelestius

106 992 225 1043 quam
260 992 391 1038 hodie,
427 1006 550 1042 quom
585 990 659 1045 [in]
695 991 922 1030 contionem
962 991 1134 1031 mediam
1170 1006 1233 1030 me
1266 992 1439 1031 immersi

1310 1057 1437 1097 miser.

106 1122 174 1161 ubi
193 1136 267 1173 ego
287 1124 383 1161 dum
405 1122 523 1171 hieto,
547 1125 834 1162 Menaechmus
855 1137 896 1162 se
916 1123 1161 1173 supterduxit
1182 1122 1278 1161 mihi

19 1199 88 1236 45ο
106 1196 225 1238 atque
244 1188 328 1226 abit
348 1189 399 1226 ad
419 1188 599 1236 amicam,
622 1190 751 1236 credo,
774 1202 905 1239 neque
925 1202 989 1227 me
1009 1188 1135 1227 uoluit
1155 1189 1310 1227 ducere.
1459 1201 1477 1233 5

107 1253 174 1303 qui
187 1253 297 1291 illum
311 1253 351 1292 di
365 1266 502 1292 omnes
516 1254 699 1304 perduint
712 1253 803 1304 quei
816 1254 964 1304 primus
979 1253 1091 1306 (hoc)
1105 1262 1354 1292 commentus
1368 1261 1439 1302 est,

107 1318 335 1358 contionem
355 1319 511 1366 habere,
535 1319 602 1369 qui
623 1319 803 1358 homines
824 1327 1038 1370 occupatos
1059 1327 1226 1368 occupat
1243 1322 1249 1357 ἔ

107 1397 188 1422 non
207 1384 258 1422 ad
279 1397 367 1422 eam
388 1397 469 1422 rem
498 1383 501 1434 Ι
527 1384 676 1423 otiosos
697 1384 879 1423 homines
900 1384 1034 1423 decuit
1054 1384 1182 1434 deligi,

107 1449 174 1500 qui
195 1448 269 1488 nisi
289 1448 420 1488 adsint
440 1462 561 1499 quom
582 1449 760 1497 citentur‚
784 1463 925 1489 census
945 1449 1073 1499 capiat
1093 1449 1213 1488 ilico?

21 1523 87 1562 455
218 1529 236 1550 *
267 1527 386 1565 quam
407 1522 564 1553 senatus
595 1528 613 1548 *
781 1528 800 1548 *
831 1514 1059 1554 contionem
1091 1527 1109 1548 *
1460 1533 1500 1556 10

594 1595 612 1615 *
781 1595 798 1616 *

109 1646 272 1685 adfatim
293 1653 352 1684 est
372 1646 579 1685 hominum
601 1646 641 1684 in
662 1646 747 1685 dies
768 1645 835 1696 qui
856 1645 1027 1696 singulas
1049 1658 1157 1684 escas
1178 1645 1299 1693 edint,

110 1711 244 1763 quibu'
273 1711 405 1762 negoti
432 1712 529 1750 nihil
558 1720 627 1760 est,
661 1712 728 1763 qui
757 1725 887 1751 essum
923 1725 1053 1762 neque
1086 1719 1279 1750 uocantur
1312 1723 1442 1760 neque

1272 1784 1441 1815 uocant:

110 1856 178 1882 eos
199 1850 353 1893 oportet
373 1843 548 1883 contioni
569 1845 662 1883 dare
682 1857 841 1894 operam
861 1851 981 1893 atque
1001 1842 1204 1881 comitieis.

23 1911 92 1955 460
110 1910 142 1947 si
162 1908 203 1947 id
222 1908 275 1947 ita
295 1916 410 1956 esset,
430 1922 510 1947 non
531 1922 604 1959 ego
625 1909 745 1948 hodie
765 1908 1023 1959 perdidissem
1045 1907 1265 1958 prandium,
1462 1919 1499 1952 15

109 1973 203 2023 quoi
224 1981 303 2011 tam
325 1975 444 2012 credo
465 1975 601 2012 datum
623 1975 794 2012 uoluisse
815 1987 934 2023 quam
957 1987 1020 2012 me
1041 1973 1160 2012 uideo
1180 1973 1324 2011 uiuere.

153 2088 217 2117 443
241 2077 295 2117 qui
315 2077 450 2107 domino
468 2087 521 2107 me
538 2076 660 2108 Bothe:
684 2077 764 2116 quid
783 2076 887 2116 (quod
907 2076 953 2117 B)
971 2087 1064 2118 rome
1087 2076 1150 2107 cod.
1175 2077 1242 2116 (vii.
1261 2087 1290 2115 5,
1312 2087 1342 2116 p.
1365 2076 1441 2117 104)

111 2123 176 2160 446
199 2121 311 2151 accedit
338 2121 371 2151 A
403 2121 548 2159 (446-53
572 2120 664 2151 inilia
679 2120 750 2159 scre
779 2121 946 2161 leguntur)
1118 2122 1182 2159 446
1216 2126 1314 2150 natus
1344 2121 1444 2151 annis

114 2165 294 2196 Gruterus:
319 2166 381 2195 iam
400 2164 475 2195 add.
497 2164 635 2194 Mueller
730 2161 839 2206 (ego)
856 2174 929 2194 sum
946 2163 1073 2194 Ritschl
1223 2174 1285 2203 447
1312 2164 1439 2203 neque]

112 2213 214 2248 atque
230 2208 263 2238 Β
363 2210 427 2247 448
452 2208 484 2238 in
503 2218 568 2237 om.
589 2208 622 2237 A
644 2211 682 2237 ut
696 2207 760 2238 vid.
863 2217 922 2246 451
950 2208 1026 2247 Que
1046 2207 1118 2245 (3¹)
1135 2207 1185 2238 vel
1199 2207 1274 2246 Quo
1296 2207 1394 2246 ῚῚ1901))
1412 2207 1446 2238 P

112 2253 185 2292 (pro
201 2252 288 2290 Quei
302 2253 326 2289 ἒ)
390 2253 452 2282 hoc
477 2250 552 2282 add.
578 2250 698 2281 Vahlen
762 2256 950 2282 commentu
969 2257 1020 2282 est
1037 2251 1076 2288 P,
1097 2251 1129 2280 A
1150 2263 1182 2281 n.
1200 2251 1218 2282 l.
1240 2264 1247 2282 :
1272 2261 1440 2282 commen-

113 2300 182 2326 tust
198 2295 328 2337 (male)
344 2295 471 2325 Ritsclzl
593 2303 656 2333 452
679 2293 820 2335 habere]
844 2295 925 2325 hare
942 2295 1007 2326 cod.
1025 2295 1095 2335 (vii.
1107 2304 1138 2333 5,
1154 2305 1184 2334 p.
1199 2295 1257 2333 95)
1378 2305 1440 2334 454

112 2339 280 2370 citenetur
304 2339 337 2369 P
360 2338 433 2377 (pro
461 2338 586 2369 citetur
612 2348 691 2369 corr.
721 2338 905 2370 citenturv
1042 2339 1175 2377 capiant
1201 2337 1234 2367 P
1257 2339 1352 2377 (corr.
1378 2338 1439 2378 ΒΞ)

111 2384 221 2421 455-6
244 2393 308 2414 om.
338 2382 391 2413 P:
427 2382 559 2421 vestrgt'a
580 2385 712 2411 {aizium
739 2387 811 2422 app.
841 2382 875 2412 in
906 2382 938 2412 A
1126 2382 1190 2421 458
1213 2382 1388 2421 quiescunt
1404 2381 1437 2413 A

112 2425 249 2466 uocant]
268 2427 401 2457 uocauit
418 2425 450 2455 P
470 2427 561 2463 (corr.
578 2425 642 2466 Β’·’)
743 2427 807 2466 460
832 2436 906 2456 esse
924 2426 956 2455 A
1074 2427 1132 2463 461
1162 2436 1204 2455 ne
1221 2424 1255 2458 P
