1727 2702
162 103 217 140 11.
238 104 285 140 iv
650 108 696 144 T.
731 107 911 147 MACCI
944 108 1147 146 PLAVTI

238 215 443 254 mulierem
472 216 628 267 pretio?
683 218 761 258 CH.
794 217 862 268 qui
896 218 1026 269 potius
1056 231 1176 269 quam
1210 232 1306 257 auro
1339 218 1569 269 expendas?

822 327 828 333 ,
1238 285 1310 322 Ev.
1342 284 1449 322 unde
1469 282 1570 322 erit?

178 364 218 386 20
237 348 316 387 CH.
347 347 572 387 Acehillem
594 349 717 388 orabo
744 362 882 387 aurum
909 346 987 402 [ut]
1014 348 1109 387 mihi
1140 350 1208 388 det
1237 350 1392 388 Hector
1412 347 1479 399 qui
1508 361 1569 387 ex-

1318 427 1463 465 pensus
1483 412 1566 452 fuit.

237 479 310 518 Ev.
343 493 470 518 sanun
491 481 562 518 cs?
609 481 687 520 CH.
719 481 786 531 pol
807 493 924 519 sanus
946 479 1001 519 sei
1022 479 1107 527 sim,
1131 493 1212 519 non
1233 487 1271 519 te
1293 479 1492 519 medicum
1513 477 1567 517 mi

1373 552 1565 595 expetam.

237 610 310 648 Ev.
333 610 430 648 tanti
451 610 587 660 quanti
609 610 746 661 poscit,
770 610 838 649 uin
858 610 956 649 tanti
978 612 1083 649 illam
1104 612 1211 649 emi?
1250 612 1326 651 CH.
1349 609 1567 649 auctarium
1586 623 1657 659 490

235 674 382 713 adicito
403 677 465 713 uel
488 675 592 713 mille
609 689 817 714 nummum
838 677 927 726 plus
947 689 1066 726 quam
1088 683 1234 727 poscet.
1278 677 1350 714 Ev.
1374 675 1451 714 iam
1468 682 1564 714 tace.

235 741 305 779 sed
333 740 429 790 quid
457 740 543 779 ais?
572 742 679 780 unde
705 741 776 780 erit
802 749 1007 792 argentum
1037 743 1146 792 quod
1175 742 1257 789 des,
1279 754 1401 792 quom
1430 748 1568 791 poscet

1432 808 1570 857 pater?

174 888 214 920 25
236 874 314 910 CH.
347 871 580 918 inuenietur,
604 871 837 922 exquiretur,
859 872 1009 922 aliquid
1031 873 1122 920 fietJ
1151 872 1294 911 enicas.

237 938 309 974 Ev.
341 936 420 975 iam
441 936 541 975 istuc
565 937 735 988 ‘aliquid
756 938 845 976 fiet'
866 945 1011 976 metuo.
1071 939 1150 978 CH.
1182 937 1278 989 quin
1299 939 1435 977 taces?
1492 939 1563 976 Ev.

1255 1010 1365 1041 muto
1385 1002 1564 1054 imperas.

235 1069 313 1107 CH.
346 1067 447 1106 satin
477 1067 577 1106 istuc
607 1069 906 1107 mandatumst?
970 1070 1042 1108 Ev.
1074 1068 1185 1119 potin
1214 1076 1256 1107 ut
1285 1068 1392 1108 aliud
1426 1070 1568 1108 cures?
1585 1080 1652 1118 495

1214 1135 1291 1174 Cn.
1324 1148 1404 1173 non
1425 1142 1564 1185 potest.

236 1201 307 1238 Ev.
341 1200 443 1238 bene
464 1201 561 1238 uale.
623 1202 702 1239 CH.
735 1213 816 1239 non
840 1201 983 1251 edepol
1011 1213 1173 1251 possum
1193 1199 1290 1250 priu'
1313 1213 1433 1250 quam
1454 1208 1496 1239 tu
1515 1201 1567 1239 ad

1311 1279 1375 1304 me
1394 1265 1564 1305 redieris.

236 1333 307 1369 Ev.
341 1330 497 1369 meliust
517 1344 636 1369 sanus
662 1330 725 1369 sis„
785 1332 863 1371 Cn.
896 1332 994 1379 uale,
1018 1330 1134 1370 uince
1154 1338 1193 1369 et
1220 1344 1283 1370 me
1309 1344 1430 1370 serua.
1492 1333 1564 1370 Ev.

1331 1410 1404 1446 ego
1425 1397 1564 1434 fecero.

173 1478 214 1508 30
233 1460 343 1500 domi
378 1469 537 1500 maneto
577 1475 649 1500 me.
723 1462 801 1502 CH.
842 1475 935 1513 ergo
967 1468 1144 1501 actutum
1179 1462 1264 1501 face
1297 1474 1388 1500 cum
1422 1461 1568 1511 praeda

1335 1539 1569 1577 recrpras.-

715 1717 951 1765 ACTVS
1004 1717 1082 1764 III

107 1827 215 1866 III.i
482 1830 848 1866 Lvsiixmcnvs
960 1830 1316 1866 PAsmompsA

234 1923 302 1959 Lv.
336 1921 476 1960 Amice
495 1921 624 1960 amico
645 1935 804 1971 operam
827 1921 919 1960 dedi
937 1936 943 1959 :
975 1921 1128 1960 uicinus
1149 1922 1257 1971 quod
1279 1920 1439 1972 rogauit,

231 1989 307 2025 hoc
328 1986 429 2025 emei
453 1986 765 2024 mercimonium.
826 2000 914 2025 mea
934 2000 975 2025 es
997 1994 1049 2034 tu,
1073 2000 1236 2037 sequere
1257 2000 1361 2025 sane.
1583 2003 1652 2041 500

232 2067 280 2090 ne
302 2054 432 2102 plora:
465 2051 572 2089 nimi’
595 2053 712 2090 stulte
733 2051 838 2099 facis,
862 2053 1000 2090 oculos
1021 2051 1238 2102 corrumpis
1260 2051 1356 2090 talis.

231 2117 326 2167 quin
348 2116 417 2155 tibi
440 2116 601 2166 quidem
624 2118 732 2166 quod
753 2116 880 2156 rideas
898 2116 1020 2167 magis
1041 2125 1099 2155 est
1120 2130 1238 2167 quam
1260 2125 1302 2155 ut
1323 2119 1547 2157 lamentere.

192 2199 210 2229 5
234 2185 301 2220 ΡΑ.
323 2182 468 2220 amabo
484 2189 646 2229 ecastor,
662 2181 715 2220 mi
732 2195 861 2229 senex,
878 2184 1189 2233 eloquere—LV.
1213 2182 1372 2233 exquire
1392 2182 1561 2233 quiduis.

276 2289 336 2327 487
363 2287 443 2328 crit]
474 2287 637 2328 [at]eritis
659 2288 692 2318 P
718 2289 812 2328 (cipro
841 2288 1018 2328 expendas
1041 2287 1092 2319 vel
1113 2292 1170 2324 -at,
1199 2287 1263 2318 erit
1286 2286 1336 2318 vel
1355 2287 1417 2323 -is;
1459 2287 1499 2318 iv.
1529 2288 1563 2327 1)

232 2331 295 2368 488
319 2337 354 2361 ut
378 2342 443 2362 mn.
471 2331 504 2362 P
622 2343 687 2370 490
711 2332 934 2362 auctorarium
952 2332 984 2361 A
1113 2340 1178 2372 495
1201 2331 1327 2370 aliquid
1346 2330 1378 2361 A
1499 2341 1561 2370 497

233 2375 352 2405 melius
372 2375 403 2404 P
488 2374 560 2417 (si)
577 2376 622 2405 sis
641 2375 766 2406 Ritschl
884 2377 949 2415 498
973 2375 1133 2416 praedam
1152 2374 1184 2405 P
1299 2385 1364 2414 502
1388 2373 1488 2416 quin]
1506 2374 1561 2414 qui

233 2417 339 2458 (ΡΨ)
357 2419 404 2449 vel
418 2420 498 2458 quid
517 2420 579 2460 (B)
598 2419 632 2448 P
760 2428 824 2458 503
849 2419 915 2450 mei
932 2419 965 2449 A
987 2418 1280 2459 (antiquasorma)
