1727 2702
135 86 181 123 V.

141 343 182 374 95

123 860 183 883 100

121 1249 180 1281 105

124 1580 183 1602 110

203 84 232 121 ii
618 81 664 119 T.
698 79 879 120 MACCI
912 80 1116 119 PLAVTI

206 195 276 232 Ev.
309 194 451 231 stultus
480 206 534 239 es,
556 191 638 231 noli
667 191 768 230 istuc
796 204 946 242 quaeso
975 190 1115 230 dicere.
1184 193 1262 231 CH.
1293 200 1442 230 certum
1472 205 1533 244 ex-

1372 257 1533 308 sequist‚

203 337 363 374 operam
391 331 433 362 ut
463 336 616 361 sumam
646 323 697 361 ad
727 321 1074 373 perucstigandum
1104 321 1172 360 ubi
1201 322 1250 360 sit
1277 322 1398 361 illaec.
1459 324 1529 361 Ev.

758 429 762 441 .
1116 431 1118 433 ,
1259 387 1354 437 quin
1375 387 1531 426 domist.

204 454 281 492 CH.
314 467 406 491 nam
428 452 491 491 hic
516 453 626 503 quod
646 451 744 491 dixit
764 451 805 491 id
826 451 1039 491 mentitust.
1101 454 1173 490 Ev.
1206 466 1299 491 uera
1324 451 1402 491 dixi
1430 451 1536 502 equi-

1338 518 1429 556 dem
1451 517 1532 556 tibi.

203 586 280 624 CH.
314 585 391 623 iam
414 586 588 635 Cyprum
610 583 712 622 ueni.
774 585 846 621 Ev.
881 583 976 634 quin
998 597 1173 633 sequere,
1197 591 1239 621 ut
1266 583 1371 621 illam
1398 581 1534 621 uideas

1234 662 1353 699 quam
1373 647 1531 698 expetis.

203 716 280 755 CH.
311 722 563 766 percontatus
584 727 665 752 non
686 713 831 752 inueni.
893 715 964 751 Ev.
989 713 1122 752 matris
1143 713 1220 751 iarn
1241 713 1337 752 iram
1357 714 1531 763 neglego.

203 782 280 820 CH.
305 793 420 830 porro
440 779 668 830 proficiscor
683 778 916 829 quaesitum.
965 792 1070 817 nunc
1091 778 1253 829 perueni
1275 777 1508 818 Chalcidem
1524 791 1534 825 3

202 845 321 884 uideo
341 844 395 883 ibi
417 844 614 895 hospitem
635 845 850 894 Zacyntho,
873 843 965 882 dico
985 843 1082 894 quid
1103 857 1152 882 eo
1171 842 1414 890 aduenerim,

201 910 327 961 rogito
347 909 434 960 quis
455 923 543 948 eam
564 909 722 956 uexerit,
746 908 834 959 quis
856 908 999 947 habeat
1020 908 1052 947 si
1073 908 1126 947 ibi
1148 907 1424 947 indaudiuerit.

202 977 274 1014 Ev.
298 975 394 1026 quin
411 983 452 1014 tu
469 975 562 1014 istas
578 974 726 1014 omittis
743 987 866 1025 nugas
882 987 930 1013 ac
946 980 1104 1013 mecum
1121 975 1200 1013 huc
1215 974 1318 1013 intro
1332 974 1536 1013 ambulas?

201 1043 279 1082 CH.
311 1043 457 1092 hospes
478 1041 682 1092 respondit
703 1039 894 1090 Zacynthi
916 1041 1012 1079 ficos
1033 1040 1115 1079 fieri
1136 1054 1217 1079 non
1238 1042 1370 1079 malas.

203 1107 274 1145 Ev.
311 1107 366 1145 nil
405 1106 620 1146 mentitust.
699 1107 777 1146 CH.
819 1106 890 1145 sed
929 1106 980 1144 de
1018 1105 1147 1145 amica
1184 1119 1226 1145 se
1264 1104 1534 1145 indaudiuisse

1356 1177 1534 1209 autumat

202 1237 265 1276 hic
286 1237 455 1276 Athenis
476 1251 571 1276 esse.
634 1239 705 1276 Ev.
740 1238 909 1277 Calchas
930 1236 1004 1277 iste
1024 1237 1187 1289 quidem
1208 1236 1472 1287 Zacynthiust.

202 1305 279 1343 CH.
313 1316 457 1342 nauem
478 1303 718 1349 conscendo,
743 1302 970 1353 proficiscor
991 1303 1092 1342 ilico.
1152 1303 1230 1341 iam
1251 1316 1338 1341 sum
1358 1300 1482 1349 domi,

202 1368 279 1407 iam
300 1368 396 1408 redii
418 1367 502 1421 (ex)
523 1367 670 1406 exsilio.
731 1369 850 1415 salue,
874 1368 927 1406 mi
949 1368 1095 1407 sodalis
1117 1369 1319 1418 Eutyche:

201 1442 244 1473 ut
265 1434 452 1473 ualuisti?
481 1433 578 1484 quid
598 1441 780 1484 parentes
802 1433 909 1472 mei?
938 1435 1072 1473 ualent
1093 1442 1230 1481 mater,
1249 1434 1387 1484 pater?

203 1501 304 1540 bene
325 1514 455 1548 uocas,
480 1499 651 1550 benigne
671 1498 794 1538 dicis:
824 1513 908 1538 cras
928 1501 1035 1550 apud
1056 1507 1104 1546 te,
1128 1513 1234 1538 nunc
1254 1498 1374 1538 domi.

201 1565 256 1604 sic
278 1567 404 1613 decet,
427 1565 481 1603 sic
503 1564 585 1603 fieri
606 1572 772 1615 oportet.
833 1567 905 1604 Ev.
937 1565 1049 1604 heia!
1081 1579 1183 1616 quae
1203 1565 1257 1603 mi
1278 1564 1475 1603 somnias!

202 1631 266 1670 hic
287 1633 410 1669 homo
431 1643 512 1668 non
533 1637 680 1668 sanust.
742 1631 821 1670 CH.
855 1629 1040 1669 medicari
1062 1630 1213 1669 amicus
1234 1629 1328 1680 quin
1350 1643 1534 1681 properas

1375 1694 1536 1747 <mihist

204 1765 275 1802 Ev.
307 1776 473 1814 sequere
492 1762 555 1802 sis.
606 1762 687 1803 CH.
708 1775 862 1813 sequor.
915 1763 988 1801 Ev.
1009 1763 1223 1802 clementer
1242 1775 1401 1812 quaeso,
1417 1761 1536 1800 calcis

1378 1826 1532 1865 deteris.

201 1894 323 1933 audin
344 1897 416 1933 tu?
473 1895 551 1934 CH.
584 1893 661 1932 iam
685 1894 839 1933 dudum
869 1892 1016 1932 audiui.
1076 1894 1149 1931 Ev.
1181 1905 1319 1943 pacem
1346 1891 1534 1942 componi

1442 1958 1535 1996 uolo

245 2072 310 2102 935
335 2063 570 2102 uestigandum
597 2063 629 2093 Β
761 2064 828 2103 936
852 2064 924 2104 hic]
948 2064 980 2094 id
1002 2062 1076 2093 PCD
1207 2073 1269 2103 941
1297 2063 1404 2102 rogito
1428 2062 1535 2093 Pius:

203 2108 315 2146 cogito
333 2107 397 2137 rod.
507 2113 571 2146 942
596 2117 721 2146 naugas
735 2106 763 2137 C
869 2118 933 2147 943
957 2107 1114 2138 zacintho
1131 2106 1196 2138 cod.
1217 2107 1269 2147 (cs.
1285 2108 1366 2147 940)
1470 2116 1534 2145 944

202 2156 375 2181 autumant
392 2150 456 2181 sod.
560 2151 626 2190 946
650 2151 715 2181 iam
729 2150 802 2182 Ital.
819 2162 824 2181 :
850 2161 890 2181 ea
907 2150 975 2181 cod.
1072 2160 1135 2190 947
1160 2161 1203 2181 ex
1219 2149 1294 2181 add.
1312 2149 1535 2190 Kampmann

202 2196 268 2234 948
293 2195 357 2224 mei
380 2194 493 2224 ualent
519 2193 681 2233 Pylades:
707 2199 833 2224 metuat
855 2193 922 2226 cod.
1439 2198 1536 2232 pater

203 2237 340 2279 Bugge:
365 2239 432 2269 dati
451 2237 515 2268 cod.
633 2248 698 2277 949
723 2248 811 2269 nunc
829 2237 912 2269 Pius
927 2249 934 2268 :
959 2248 1025 2268 non
1040 2237 1105 2269 cod.
1226 2247 1292 2277 950
1315 2238 1362 2268 sic
1379 2237 1411 2268 d.
1427 2234 1511 2267 Pius
1526 2247 1533 2266 :

203 2281 230 2311 si
247 2282 276 2312 d.
302 2281 367 2312 cod.
458 2282 511 2312 eia
536 2292 622 2321 quae
644 2282 684 2311 mi
713 2281 855 2323 Ussing:
889 2282 1009 2321 eloque
1034 2282 1066 2312 ni
1093 2280 1157 2312 cod.
1186 2281 1211 2321 (l
1229 2286 1291 2322 pro
1311 2281 1338 2320 j)
1470 2287 1531 2320 951

203 2336 306 2356 sanus
321 2324 386 2357 cod.
478 2325 557 2355 mihi
574 2324 649 2356 add.
668 2324 794 2356 Ritschl
923 2335 986 2365 952
1010 2335 1067 2356 ses
1083 2324 1148 2356 cod.
1169 2332 1179 2365 g
1183 2328 1247 2365 pro
1262 2325 1330 2356 seis
1341 2324 1367 2365 ³)

1551 333 1619 370 935

1552 854 1622 889 940

1552 1248 1621 1285 945

1552 1580 1622 1617 9⁵0
