<?xml version="1.0" encoding="UTF-8"?>
<!DOCTYPE html PUBLIC "-//W3C//DTD XHTML 1.0 Transitional//EN"
    "http://www.w3.org/TR/xhtml1/DTD/xhtml1-transitional.dtd">
<html xmlns="http://www.w3.org/1999/xhtml" xml:lang="en" lang="en">
 <head>
  <title>
</title>
<meta http-equiv="Content-Type" content="text/html;charset=utf-8" />
  <meta name='ocr-system' content='tesseract 3.04.00' />
  <meta name='ocr-capabilities' content='ocr_page ocr_carea ocr_par ocr_line ocrx_word'/>
</head>
<body>
  <div class='ocr_page' id='page_1' title='image "./comoediaerecogno01plauuoft_0104.png"; bbox 0 0 1727 2702; ppageno 0'>
   <div class='ocr_carea' id='block_1_1' title="bbox 140 115 193 152">
    <p class='ocr_par' dir='ltr' id='par_1_1' title="bbox 140 115 193 152">
     <span class='ocr_line' id='line_1_1' title="bbox 140 115 193 152; baseline 0 0"><span class='ocrx_word' id='word_1_1' title='bbox 140 115 193 152; x_wconf 94' lang='lat' dir='ltr'><strong>II.</strong></span> 
     </span>
    </p>
   </div>
   <div class='ocr_carea' id='block_1_2' title="bbox 214 111 1132 153">
    <p class='ocr_par' dir='ltr' id='par_1_2' title="bbox 214 111 1132 153">
     <span class='ocr_line' id='line_1_2' title="bbox 214 111 1132 153; baseline -0.001 -1"><span class='ocrx_word' id='word_1_2' title='bbox 214 114 244 152; x_wconf 81' lang='lat' dir='ltr'><strong>ii</strong></span> <span class='ocrx_word' id='word_1_3' title='bbox 633 113 680 152; x_wconf 90' lang='lat' dir='ltr'><strong>T.</strong></span> <span class='ocrx_word' id='word_1_4' title='bbox 714 111 894 153; x_wconf 88' lang='lat' dir='ltr'>MACCI</span> <span class='ocrx_word' id='word_1_5' title='bbox 929 112 1132 151; x_wconf 90' lang='lat' dir='ltr'><strong>PLAVTI</strong></span> 
     </span>
    </p>
   </div>
   <div class='ocr_carea' id='block_1_3' title="bbox 162 222 1374 274">
    <p class='ocr_par' dir='ltr' id='par_1_3' title="bbox 162 222 1374 274">
     <span class='ocr_line' id='line_1_3' title="bbox 162 222 1374 274; baseline 0.001 -14"><span class='ocrx_word' id='word_1_6' title='bbox 162 239 200 260; x_wconf 83' lang='grc' dir='ltr'><strong>ιο</strong></span> <span class='ocrx_word' id='word_1_7' title='bbox 219 225 288 261; x_wconf 72' lang='lat' dir='ltr'><strong>LE.</strong></span> <span class='ocrx_word' id='word_1_8' title='bbox 320 224 435 262; x_wconf 84' lang='lat' dir='ltr'><strong>etiam</strong></span> <span class='ocrx_word' id='word_1_9' title='bbox 458 225 508 262; x_wconf 88' lang='lat' dir='ltr'><strong>de</strong></span> <span class='ocrx_word' id='word_1_10' title='bbox 529 231 637 273; x_wconf 82' lang='lat' dir='ltr'><strong>tergo</strong></span> <span class='ocrx_word' id='word_1_11' title='bbox 656 223 846 262; x_wconf 86' lang='lat' dir='ltr'><strong>ducentas</strong></span> <span class='ocrx_word' id='word_1_12' title='bbox 867 224 1000 274; x_wconf 82' lang='lat' dir='ltr'>plagas</span> <span class='ocrx_word' id='word_1_13' title='bbox 1020 222 1239 273; x_wconf 84' lang='lat' dir='ltr'><strong>praegnatis</strong></span> <span class='ocrx_word' id='word_1_14' title='bbox 1259 223 1374 262; x_wconf 83' lang='lat' dir='ltr'>dabo.</span> 
     </span>
    </p>
   </div>
   <div class='ocr_carea' id='block_1_4' title="bbox 153 960 191 981">
    <p class='ocr_par' dir='ltr' id='par_1_4' title="bbox 153 960 191 981">
     <span class='ocr_line' id='line_1_4' title="bbox 153 960 191 981; baseline -0.026 0"><span class='ocrx_word' id='word_1_15' title='bbox 153 960 191 981; x_wconf 87' lang='lat'><strong>20</strong></span> 
     </span>
    </p>
   </div>
   <div class='ocr_carea' id='block_1_5' title="bbox 152 1867 194 1898">
    <p class='ocr_par' dir='ltr' id='par_1_5' title="bbox 152 1867 194 1898">
     <span class='ocr_line' id='line_1_5' title="bbox 152 1867 194 1898; baseline 0 -10"><span class='ocrx_word' id='word_1_16' title='bbox 152 1867 194 1898; x_wconf 84' lang='grc'><strong>30</strong></span> 
     </span>
    </p>
   </div>
   <div class='ocr_carea' id='block_1_6' title="bbox 213 287 1632 534">
    <p class='ocr_par' dir='ltr' id='par_1_6' title="bbox 218 287 1468 339">
     <span class='ocr_line' id='line_1_6' title="bbox 218 287 1468 339; baseline -0.001 -13"><span class='ocrx_word' id='word_1_17' title='bbox 218 290 277 326; x_wconf 79' lang='lat' dir='ltr'><strong>Ll.</strong></span> <span class='ocrx_word' id='word_1_18' title='bbox 309 288 465 339; x_wconf 78' lang='lat' dir='ltr'><strong>largitur</strong></span> <span class='ocrx_word' id='word_1_19' title='bbox 486 287 694 338; x_wconf 86' lang='lat' dir='ltr'><strong>peculium,</strong></span> <span class='ocrx_word' id='word_1_20' title='bbox 716 301 875 326; x_wconf 91' lang='lat' dir='ltr'><strong>omnem</strong></span> <span class='ocrx_word' id='word_1_21' title='bbox 899 287 936 325; x_wconf 91' lang='lat' dir='ltr'><strong>in</strong></span> <span class='ocrx_word' id='word_1_22' title='bbox 959 295 1067 338; x_wconf 87' lang='lat' dir='ltr'><strong>tergo</strong></span> <span class='ocrx_word' id='word_1_23' title='bbox 1088 289 1340 327; x_wconf 84' lang='lat' dir='ltr'>thensaurum</span> <span class='ocrx_word' id='word_1_24' title='bbox 1361 287 1468 337; x_wconf 83' lang='lat' dir='ltr'><strong>gerit.</strong></span> 
     </span>
    </p>

    <p class='ocr_par' dir='ltr' id='par_1_7' title="bbox 214 352 1396 470">
     <span class='ocr_line' id='line_1_7' title="bbox 217 352 1396 403; baseline -0.001 -12"><span class='ocrx_word' id='word_1_25' title='bbox 217 355 286 392; x_wconf 73' lang='lat' dir='ltr'><strong>LE.</strong></span> <span class='ocrx_word' id='word_1_26' title='bbox 319 367 408 391; x_wconf 88' lang='lat' dir='ltr'><strong>nam</strong></span> <span class='ocrx_word' id='word_1_27' title='bbox 431 353 460 391; x_wconf 82' lang='lat' dir='ltr'><strong>si</strong></span> <span class='ocrx_word' id='word_1_28' title='bbox 482 352 680 392; x_wconf 90' lang='lat' dir='ltr'><strong>occasioni</strong></span> <span class='ocrx_word' id='word_1_29' title='bbox 702 352 794 391; x_wconf 85' lang='lat' dir='ltr'><strong>huic</strong></span> <span class='ocrx_word' id='word_1_30' title='bbox 815 360 971 403; x_wconf 85' lang='lat' dir='ltr'><strong>tempus</strong></span> <span class='ocrx_word' id='word_1_31' title='bbox 992 366 1078 391; x_wconf 91' lang='lat' dir='ltr'><strong>sese</strong></span> <span class='ocrx_word' id='word_1_32' title='bbox 1098 352 1396 403; x_wconf 85' lang='lat' dir='ltr'><strong>supterduxerit,</strong></span> 
     </span>
     <span class='ocr_line' id='line_1_8' title="bbox 214 417 1342 470; baseline -0.002 -12"><span class='ocrx_word' id='word_1_33' title='bbox 214 433 430 470; x_wconf 81' lang='lat' dir='ltr'>numquam</span> <span class='ocrx_word' id='word_1_34' title='bbox 452 420 594 469; x_wconf 79' lang='lat' dir='ltr'><strong>edepol</strong></span> <span class='ocrx_word' id='word_1_35' title='bbox 617 417 814 468; x_wconf 87' lang='lat' dir='ltr'>quadrigis</span> <span class='ocrx_word' id='word_1_36' title='bbox 834 417 934 457; x_wconf 91' lang='lat' dir='ltr'><strong>albis</strong></span> <span class='ocrx_word' id='word_1_37' title='bbox 955 417 1165 468; x_wconf 85' lang='lat' dir='ltr'><strong>indipiscet</strong></span> <span class='ocrx_word' id='word_1_38' title='bbox 1180 425 1317 468; x_wconf 90' lang='lat' dir='ltr'><strong>postea</strong></span> <span class='ocrx_word' id='word_1_39' title='bbox 1332 432 1342 465; x_wconf 79' lang='lat'><em>3</em></span> 
     </span>
    </p>

    <p class='ocr_par' dir='ltr' id='par_1_8' title="bbox 213 482 1632 534">
     <span class='ocr_line' id='line_1_9' title="bbox 213 482 1632 534; baseline -0.002 -11"><span class='ocrx_word' id='word_1_40' title='bbox 213 498 321 523; x_wconf 84' lang='lat' dir='ltr'><strong>erum</strong></span> <span class='ocrx_word' id='word_1_41' title='bbox 344 484 382 522; x_wconf 93' lang='lat' dir='ltr'><strong>in</strong></span> <span class='ocrx_word' id='word_1_42' title='bbox 403 483 611 534; x_wconf 76' lang='lat' dir='ltr'><strong>opsidione</strong></span> <span class='ocrx_word' id='word_1_43' title='bbox 632 483 794 533; x_wconf 82' lang='lat' dir='ltr'><strong>linquet,</strong></span> <span class='ocrx_word' id='word_1_44' title='bbox 817 482 1021 521; x_wconf 89' lang='lat' dir='ltr'><strong>inimicum</strong></span> <span class='ocrx_word' id='word_1_45' title='bbox 1042 482 1196 521; x_wconf 89' lang='lat' dir='ltr'><strong>animos</strong></span> <span class='ocrx_word' id='word_1_46' title='bbox 1215 482 1374 521; x_wconf 88' lang='lat' dir='ltr'><strong>auxerit.</strong></span> <span class='ocrx_word' id='word_1_47' title='bbox 1563 483 1632 517; x_wconf 85' lang='lat'><strong>280</strong></span> 
     </span>
    </p>
   </div>
   <div class='ocr_carea' id='block_1_7' title="bbox 175 546 1544 599">
    <p class='ocr_par' dir='ltr' id='par_1_9' title="bbox 175 546 1544 599">
     <span class='ocr_line' id='line_1_10' title="bbox 175 546 1544 599; baseline -0.002 -12"><span class='ocrx_word' id='word_1_48' title='bbox 175 565 190 594; x_wconf 73' lang='lat'>5</span> <span class='ocrx_word' id='word_1_49' title='bbox 213 550 282 588; x_wconf 92' lang='lat' dir='ltr'><strong>sed</strong></span> <span class='ocrx_word' id='word_1_50' title='bbox 317 549 347 587; x_wconf 85' lang='lat' dir='ltr'><strong>si</strong></span> <span class='ocrx_word' id='word_1_51' title='bbox 385 562 539 587; x_wconf 90' lang='lat' dir='ltr'><strong>mecum</strong></span> <span class='ocrx_word' id='word_1_52' title='bbox 571 548 820 587; x_wconf 85' lang='lat' dir='ltr'><strong>occasionem</strong></span> <span class='ocrx_word' id='word_1_53' title='bbox 855 547 1077 599; x_wconf 84' lang='lat' dir='ltr'><strong>opprimere</strong></span> <span class='ocrx_word' id='word_1_54' title='bbox 1111 549 1213 586; x_wconf 88' lang='lat' dir='ltr'><strong>hanc</strong></span> <span class='ocrx_word' id='word_1_55' title='bbox 1244 561 1346 598; x_wconf 89' lang='lat' dir='ltr'><strong>quae</strong></span> <span class='ocrx_word' id='word_1_56' title='bbox 1379 546 1544 586; x_wconf 89' lang='lat' dir='ltr'><strong>obuenit</strong></span> 
     </span>
    </p>
   </div>
   <div class='ocr_carea' id='block_1_8' title="bbox 211 613 1630 1446">
    <p class='ocr_par' dir='ltr' id='par_1_10' title="bbox 211 613 1630 1446">
     <span class='ocr_line' id='line_1_11' title="bbox 1399 613 1541 658; baseline -0.007 -7"><span class='ocrx_word' id='word_1_57' title='bbox 1399 613 1541 658; x_wconf 80' lang='lat' dir='ltr'><strong>studet,</strong></span> 
     </span>
     <span class='ocr_line' id='line_1_12' title="bbox 214 679 1147 731; baseline 0 -13"><span class='ocrx_word' id='word_1_58' title='bbox 214 694 415 719; x_wconf 83' lang='lat' dir='ltr'>maxumas</span> <span class='ocrx_word' id='word_1_59' title='bbox 436 679 670 731; x_wconf 81' lang='lat' dir='ltr'><strong>opimitates,</strong></span> <span class='ocrx_word' id='word_1_60' title='bbox 693 679 838 730; x_wconf 86' lang='lat' dir='ltr'><strong>gaudio</strong></span> <span class='ocrx_word' id='word_1_61' title='bbox 859 679 1147 718; x_wconf 86' lang='lat' dir='ltr'><strong>ecfertissumas</strong></span> 
     </span>
     <span class='ocr_line' id='line_1_13' title="bbox 213 744 1311 796; baseline 0 -12"><span class='ocrx_word' id='word_1_62' title='bbox 213 745 291 784; x_wconf 86' lang='lat' dir='ltr'><strong>suis</strong></span> <span class='ocrx_word' id='word_1_63' title='bbox 312 745 385 784; x_wconf 88' lang='lat' dir='ltr'><strong>eris</strong></span> <span class='ocrx_word' id='word_1_64' title='bbox 407 745 469 784; x_wconf 91' lang='lat' dir='ltr'><strong>ille</strong></span> <span class='ocrx_word' id='word_1_65' title='bbox 490 759 568 784; x_wconf 89' lang='lat' dir='ltr'><strong>una</strong></span> <span class='ocrx_word' id='word_1_66' title='bbox 589 758 743 783; x_wconf 90' lang='lat' dir='ltr'><strong>mecum</strong></span> <span class='ocrx_word' id='word_1_67' title='bbox 766 744 898 794; x_wconf 88' lang='lat' dir='ltr'><strong>pariet,</strong></span> <span class='ocrx_word' id='word_1_68' title='bbox 922 752 1122 795; x_wconf 88' lang='lat' dir='ltr'><strong>gnatoque</strong></span> <span class='ocrx_word' id='word_1_69' title='bbox 1143 752 1180 784; x_wconf 90' lang='lat' dir='ltr'><strong>et</strong></span> <span class='ocrx_word' id='word_1_70' title='bbox 1201 745 1311 796; x_wconf 83' lang='lat' dir='ltr'><strong>patri,</strong></span> 
     </span>
     <span class='ocr_line' id='line_1_14' title="bbox 211 810 1350 858; baseline -0.002 -8"><span class='ocrx_word' id='word_1_71' title='bbox 211 813 313 850; x_wconf 89' lang='lat' dir='ltr'><strong>adeo</strong></span> <span class='ocrx_word' id='word_1_72' title='bbox 334 818 375 849; x_wconf 86' lang='lat' dir='ltr'><strong>ut</strong></span> <span class='ocrx_word' id='word_1_73' title='bbox 395 818 562 849; x_wconf 86' lang='lat' dir='ltr'><strong>aetatem</strong></span> <span class='ocrx_word' id='word_1_74' title='bbox 584 810 703 848; x_wconf 89' lang='lat' dir='ltr'><strong>ambo</strong></span> <span class='ocrx_word' id='word_1_75' title='bbox 724 810 920 849; x_wconf 88' lang='lat' dir='ltr'><strong>ambobus</strong></span> <span class='ocrx_word' id='word_1_76' title='bbox 941 810 1057 849; x_wconf 91' lang='lat' dir='ltr'><strong>nobis</strong></span> <span class='ocrx_word' id='word_1_77' title='bbox 1078 810 1155 848; x_wconf 91' lang='lat' dir='ltr'><strong>sint</strong></span> <span class='ocrx_word' id='word_1_78' title='bbox 1175 810 1350 858; x_wconf 86' lang='lat' dir='ltr'><strong>obnoxii,</strong></span> 
     </span>
     <span class='ocr_line' id='line_1_15' title="bbox 212 874 1627 926; baseline 0 -12"><span class='ocrx_word' id='word_1_79' title='bbox 212 883 346 914; x_wconf 86' lang='lat' dir='ltr'><strong>nostro</strong></span> <span class='ocrx_word' id='word_1_80' title='bbox 366 874 540 914; x_wconf 89' lang='lat' dir='ltr'><strong>deuincti</strong></span> <span class='ocrx_word' id='word_1_81' title='bbox 562 874 766 913; x_wconf 86' lang='lat' dir='ltr'><strong>beneficio.</strong></span> <span class='ocrx_word' id='word_1_82' title='bbox 828 876 887 913; x_wconf 88' lang='lat' dir='ltr'><strong>L1.</strong></span> <span class='ocrx_word' id='word_1_83' title='bbox 920 875 1076 914; x_wconf 90' lang='lat' dir='ltr'><strong>uinctos</strong></span> <span class='ocrx_word' id='word_1_84' title='bbox 1098 875 1334 926; x_wconf 89' lang='lat' dir='ltr'><strong>nescioquos</strong></span> <span class='ocrx_word' id='word_1_85' title='bbox 1354 875 1433 924; x_wconf 79' lang='lat' dir='ltr'><strong>ait3</strong></span> <span class='ocrx_word' id='word_1_86' title='bbox 1562 875 1627 918; x_wconf 80' lang='lat'><strong>285</strong></span> 
     </span>
     <span class='ocr_line' id='line_1_16' title="bbox 212 939 1539 991; baseline -0.001 -13"><span class='ocrx_word' id='word_1_87' title='bbox 212 955 291 978; x_wconf 89' lang='lat' dir='ltr'><strong>non</strong></span> <span class='ocrx_word' id='word_1_88' title='bbox 308 942 435 991; x_wconf 85' lang='lat' dir='ltr'><strong>placet</strong></span> <span class='ocrx_word' id='word_1_89' title='bbox 452 955 458 978; x_wconf 93' lang='lat'>:</span> <span class='ocrx_word' id='word_1_90' title='bbox 490 947 623 978; x_wconf 89' lang='lat' dir='ltr'><strong>metuo</strong></span> <span class='ocrx_word' id='word_1_91' title='bbox 640 939 678 977; x_wconf 91' lang='lat' dir='ltr'><strong>in</strong></span> <span class='ocrx_word' id='word_1_92' title='bbox 695 953 908 979; x_wconf 90' lang='lat' dir='ltr'><strong>commune</strong></span> <span class='ocrx_word' id='word_1_93' title='bbox 925 953 974 978; x_wconf 88' lang='lat' dir='ltr'><strong>ne</strong></span> <span class='ocrx_word' id='word_1_94' title='bbox 991 953 1109 990; x_wconf 90' lang='lat' dir='ltr'><strong>quam</strong></span> <span class='ocrx_word' id='word_1_95' title='bbox 1128 941 1302 979; x_wconf 87' lang='lat' dir='ltr'><strong>fraudem</strong></span> <span class='ocrx_word' id='word_1_96' title='bbox 1320 941 1460 978; x_wconf 80' lang='lat' dir='ltr'><strong>frausu&#39;</strong></span> <span class='ocrx_word' id='word_1_97' title='bbox 1481 939 1539 978; x_wconf 84' lang='lat' dir='ltr'><strong>sit.</strong></span> 
     </span>
     <span class='ocr_line' id='line_1_17' title="bbox 213 1004 1544 1056; baseline -0.001 -12"><span class='ocrx_word' id='word_1_98' title='bbox 213 1007 283 1044; x_wconf 76' lang='lat' dir='ltr'><strong>LE.</strong></span> <span class='ocrx_word' id='word_1_99' title='bbox 316 1005 410 1056; x_wconf 90' lang='lat' dir='ltr'><strong>perii</strong></span> <span class='ocrx_word' id='word_1_100' title='bbox 431 1019 505 1056; x_wconf 86' lang='lat' dir='ltr'><strong>ego</strong></span> <span class='ocrx_word' id='word_1_101' title='bbox 526 1004 675 1056; x_wconf 91' lang='lat' dir='ltr'><strong>oppido</strong></span> <span class='ocrx_word' id='word_1_102' title='bbox 696 1004 769 1044; x_wconf 88' lang='lat' dir='ltr'><strong>nisi</strong></span> <span class='ocrx_word' id='word_1_103' title='bbox 793 1005 991 1044; x_wconf 87' lang='lat' dir='ltr'><strong>Libanum</strong></span> <span class='ocrx_word' id='word_1_104' title='bbox 1013 1005 1175 1044; x_wconf 91' lang='lat' dir='ltr'><strong>inuenio</strong></span> <span class='ocrx_word' id='word_1_105' title='bbox 1196 1005 1288 1053; x_wconf 89' lang='lat' dir='ltr'><strong>iarn,</strong></span> <span class='ocrx_word' id='word_1_106' title='bbox 1310 1005 1375 1044; x_wconf 89' lang='lat' dir='ltr'><strong>ubi</strong></span> <span class='ocrx_word' id='word_1_107' title='bbox 1398 1005 1464 1043; x_wconf 89' lang='lat' dir='ltr'><strong>ubi</strong></span> <span class='ocrx_word' id='word_1_108' title='bbox 1486 1013 1544 1043; x_wconf 88' lang='lat' dir='ltr'><strong>est</strong></span> 
     </span>
     <span class='ocr_line' id='line_1_18' title="bbox 1355 1070 1540 1121; baseline -0.011 -11"><span class='ocrx_word' id='word_1_109' title='bbox 1355 1070 1540 1121; x_wconf 82' lang='lat' dir='ltr'><strong>gentium.</strong></span> 
     </span>
     <span class='ocr_line' id='line_1_19' title="bbox 213 1135 1543 1188; baseline 0 -14"><span class='ocrx_word' id='word_1_110' title='bbox 213 1137 272 1174; x_wconf 85' lang='lat' dir='ltr'><strong>L1.</strong></span> <span class='ocrx_word' id='word_1_111' title='bbox 305 1136 381 1175; x_wconf 89' lang='lat' dir='ltr'><strong>illic</strong></span> <span class='ocrx_word' id='word_1_112' title='bbox 403 1137 524 1175; x_wconf 91' lang='lat' dir='ltr'><strong>homo</strong></span> <span class='ocrx_word' id='word_1_113' title='bbox 551 1136 703 1175; x_wconf 91' lang='lat' dir='ltr'><strong>socium</strong></span> <span class='ocrx_word' id='word_1_114' title='bbox 733 1137 784 1176; x_wconf 84' lang='lat' dir='ltr'><strong>ad</strong></span> <span class='ocrx_word' id='word_1_115' title='bbox 812 1138 955 1176; x_wconf 88' lang='lat' dir='ltr'><strong>malam</strong></span> <span class='ocrx_word' id='word_1_116' title='bbox 984 1151 1065 1176; x_wconf 88' lang='lat' dir='ltr'><strong>rem</strong></span> <span class='ocrx_word' id='word_1_117' title='bbox 1093 1136 1244 1188; x_wconf 84' lang='lat' dir='ltr'><strong>quaerit</strong></span> <span class='ocrx_word' id='word_1_118' title='bbox 1270 1150 1387 1187; x_wconf 84' lang='lat' dir='ltr'><strong>quem</strong></span> <span class='ocrx_word' id='word_1_119' title='bbox 1408 1135 1543 1175; x_wconf 90' lang='lat' dir='ltr'><strong>adiun-</strong></span> 
     </span>
     <span class='ocr_line' id='line_1_20' title="bbox 1372 1200 1540 1252; baseline -0.006 -13"><span class='ocrx_word' id='word_1_120' title='bbox 1372 1209 1436 1252; x_wconf 85' lang='lat' dir='ltr'><strong>gat</strong></span> <span class='ocrx_word' id='word_1_121' title='bbox 1456 1200 1540 1239; x_wconf 89' lang='lat' dir='ltr'><strong>sibi.</strong></span> 
     </span>
     <span class='ocr_line' id='line_1_21' title="bbox 212 1265 1538 1319; baseline 0 -15"><span class='ocrx_word' id='word_1_122' title='bbox 212 1280 290 1304; x_wconf 90' lang='lat' dir='ltr'><strong>non</strong></span> <span class='ocrx_word' id='word_1_123' title='bbox 307 1268 450 1317; x_wconf 84' lang='lat' dir='ltr'><strong>placet:</strong></span> <span class='ocrx_word' id='word_1_124' title='bbox 471 1280 540 1317; x_wconf 87' lang='lat' dir='ltr'><strong>pro</strong></span> <span class='ocrx_word' id='word_1_125' title='bbox 556 1274 732 1305; x_wconf 82' lang='lat' dir='ltr'><strong>monstro</strong></span> <span class='ocrx_word' id='word_1_126' title='bbox 745 1269 943 1318; x_wconf 82' lang='lat' dir='ltr'><strong>extemplo</strong></span> <span class='ocrx_word' id='word_1_127' title='bbox 958 1276 1017 1307; x_wconf 87' lang='lat' dir='ltr'><strong>est</strong></span> <span class='ocrx_word' id='word_1_128' title='bbox 1026 1269 1187 1319; x_wconf 86' lang='lat' dir='ltr'><strong>quando</strong></span> <span class='ocrx_word' id='word_1_129' title='bbox 1197 1267 1262 1318; x_wconf 83' lang='lat' dir='ltr'><strong>qui</strong></span> <span class='ocrx_word' id='word_1_130' title='bbox 1278 1265 1538 1306; x_wconf 87' lang='lat' dir='ltr'><strong>sudattremit.</strong></span> 
     </span>
     <span class='ocr_line' id='line_1_22' title="bbox 211 1331 1630 1383; baseline 0 -14"><span class='ocrx_word' id='word_1_131' title='bbox 211 1332 280 1369; x_wconf 73' lang='lat' dir='ltr'><strong>LE.</strong></span> <span class='ocrx_word' id='word_1_132' title='bbox 315 1332 384 1370; x_wconf 84' lang='lat' dir='ltr'><strong>sed</strong></span> <span class='ocrx_word' id='word_1_133' title='bbox 414 1331 510 1381; x_wconf 87' lang='lat' dir='ltr'><strong>quid</strong></span> <span class='ocrx_word' id='word_1_134' title='bbox 540 1345 613 1381; x_wconf 81' lang='lat' dir='ltr'><strong>ego</strong></span> <span class='ocrx_word' id='word_1_135' title='bbox 643 1331 706 1370; x_wconf 86' lang='lat' dir='ltr'><strong>hic</strong></span> <span class='ocrx_word' id='word_1_136' title='bbox 737 1345 950 1382; x_wconf 85' lang='lat' dir='ltr'><strong>properans</strong></span> <span class='ocrx_word' id='word_1_137' title='bbox 979 1346 1170 1372; x_wconf 88' lang='lat' dir='ltr'><strong>concesso</strong></span> <span class='ocrx_word' id='word_1_138' title='bbox 1199 1332 1378 1383; x_wconf 86' lang='lat' dir='ltr'><strong>pedibus,</strong></span> <span class='ocrx_word' id='word_1_139' title='bbox 1411 1331 1542 1382; x_wconf 81' lang='lat' dir='ltr'><strong>lingua</strong></span> <span class='ocrx_word' id='word_1_140' title='bbox 1560 1343 1630 1377; x_wconf 90' lang='lat'><strong>290</strong></span> 
     </span>
     <span class='ocr_line' id='line_1_23' title="bbox 1372 1396 1542 1446; baseline -0.006 -11"><span class='ocrx_word' id='word_1_141' title='bbox 1372 1396 1510 1446; x_wconf 83' lang='lat' dir='ltr'><strong>largior</strong></span> <span class='ocrx_word' id='word_1_142' title='bbox 1526 1398 1542 1435; x_wconf 74' lang='lat' dir='ltr'><strong>P</strong></span> 
     </span>
    </p>
   </div>
   <div class='ocr_carea' id='block_1_9' title="bbox 175 1461 1452 1514">
    <p class='ocr_par' dir='ltr' id='par_1_11' title="bbox 175 1461 1452 1514">
     <span class='ocr_line' id='line_1_24' title="bbox 175 1461 1452 1514; baseline -0.002 -12"><span class='ocrx_word' id='word_1_143' title='bbox 175 1479 188 1502; x_wconf 69' lang='grc' dir='ltr'><strong>τ.</strong></span> <span class='ocrx_word' id='word_1_144' title='bbox 210 1461 304 1511; x_wconf 82' lang='lat' dir='ltr'><strong>quin</strong></span> <span class='ocrx_word' id='word_1_145' title='bbox 326 1475 399 1512; x_wconf 82' lang='lat' dir='ltr'><strong>ego</strong></span> <span class='ocrx_word' id='word_1_146' title='bbox 420 1463 521 1500; x_wconf 89' lang='lat' dir='ltr'><strong>hanc</strong></span> <span class='ocrx_word' id='word_1_147' title='bbox 543 1461 661 1500; x_wconf 80' lang='lat' dir='ltr'><strong>iubeo</strong></span> <span class='ocrx_word' id='word_1_148' title='bbox 683 1469 825 1510; x_wconf 81' lang='lat' dir='ltr'><strong>tacere,</strong></span> <span class='ocrx_word' id='word_1_149' title='bbox 846 1477 947 1513; x_wconf 85' lang='lat' dir='ltr'><strong>quae</strong></span> <span class='ocrx_word' id='word_1_150' title='bbox 968 1464 1134 1514; x_wconf 83' lang='lat' dir='ltr'><strong>loquens</strong></span> <span class='ocrx_word' id='word_1_151' title='bbox 1155 1465 1296 1502; x_wconf 89' lang='lat' dir='ltr'><strong>lacerat</strong></span> <span class='ocrx_word' id='word_1_152' title='bbox 1317 1462 1452 1502; x_wconf 86' lang='lat' dir='ltr'><strong>diem?</strong></span> 
     </span>
    </p>
   </div>
   <div class='ocr_carea' id='block_1_10' title="bbox 210 1527 1625 2365">
    <p class='ocr_par' dir='ltr' id='par_1_12' title="bbox 210 1527 1625 2365">
     <span class='ocr_line' id='line_1_25' title="bbox 212 1527 1521 1581; baseline 0.002 -17"><span class='ocrx_word' id='word_1_153' title='bbox 212 1528 271 1564; x_wconf 76' lang='lat' dir='ltr'><strong>Li.</strong></span> <span class='ocrx_word' id='word_1_154' title='bbox 303 1528 444 1578; x_wconf 80' lang='lat' dir='ltr'><strong>edepol</strong></span> <span class='ocrx_word' id='word_1_155' title='bbox 467 1527 669 1565; x_wconf 85' lang='lat' dir='ltr'><strong>hominem</strong></span> <span class='ocrx_word' id='word_1_156' title='bbox 698 1527 702 1578; x_wconf 90' lang='grc'>1</span> <span class='ocrx_word' id='word_1_157' title='bbox 730 1527 938 1576; x_wconf 87' lang='lat' dir='ltr'><strong>infelicem,</strong></span> <span class='ocrx_word' id='word_1_158' title='bbox 963 1529 1029 1580; x_wconf 87' lang='lat' dir='ltr'><strong>qui</strong></span> <span class='ocrx_word' id='word_1_159' title='bbox 1051 1537 1256 1581; x_wconf 86' lang='lat' dir='ltr'><strong>patronam</strong></span> <span class='ocrx_word' id='word_1_160' title='bbox 1278 1527 1521 1579; x_wconf 89' lang='lat' dir='ltr'><strong>comprimat.</strong></span> 
     </span>
     <span class='ocr_line' id='line_1_26' title="bbox 210 1592 1306 1645; baseline 0.004 -16"><span class='ocrx_word' id='word_1_161' title='bbox 210 1606 300 1630; x_wconf 89' lang='lat' dir='ltr'><strong>nam</strong></span> <span class='ocrx_word' id='word_1_162' title='bbox 323 1592 352 1629; x_wconf 76' lang='lat' dir='ltr'><strong>si</strong></span> <span class='ocrx_word' id='word_1_163' title='bbox 374 1592 469 1642; x_wconf 83' lang='lat' dir='ltr'><strong>quid</strong></span> <span class='ocrx_word' id='word_1_164' title='bbox 492 1594 656 1631; x_wconf 85' lang='lat' dir='ltr'><strong>sceleste</strong></span> <span class='ocrx_word' id='word_1_165' title='bbox 679 1593 780 1640; x_wconf 90' lang='lat' dir='ltr'><strong>fecit,</strong></span> <span class='ocrx_word' id='word_1_166' title='bbox 805 1593 937 1645; x_wconf 83' lang='lat' dir='ltr'><strong>lingua</strong></span> <span class='ocrx_word' id='word_1_167' title='bbox 957 1609 1028 1645; x_wconf 87' lang='lat' dir='ltr'><strong>pro</strong></span> <span class='ocrx_word' id='word_1_168' title='bbox 1049 1594 1115 1633; x_wconf 93' lang='lat' dir='ltr'><strong>illo</strong></span> <span class='ocrx_word' id='word_1_169' title='bbox 1136 1594 1306 1645; x_wconf 88' lang='lat' dir='ltr'><strong>peiierat.</strong></span> 
     </span>
     <span class='ocr_line' id='line_1_27' title="bbox 212 1658 1538 1710; baseline 0.001 -16"><span class='ocrx_word' id='word_1_170' title='bbox 212 1659 281 1695; x_wconf 69' lang='grc' dir='ltr'>Ι,1·;.</span> <span class='ocrx_word' id='word_1_171' title='bbox 304 1658 588 1708; x_wconf 87' lang='lat' dir='ltr'><strong>adproperabo,</strong></span> <span class='ocrx_word' id='word_1_172' title='bbox 606 1672 655 1697; x_wconf 92' lang='lat' dir='ltr'><strong>ne</strong></span> <span class='ocrx_word' id='word_1_173' title='bbox 672 1666 761 1708; x_wconf 89' lang='lat' dir='ltr'><strong>post</strong></span> <span class='ocrx_word' id='word_1_174' title='bbox 779 1665 934 1709; x_wconf 84' lang='lat' dir='ltr'><strong>tempus</strong></span> <span class='ocrx_word' id='word_1_175' title='bbox 951 1660 1119 1710; x_wconf 83' lang='lat' dir='ltr'><strong>praedae</strong></span> <span class='ocrx_word' id='word_1_176' title='bbox 1136 1658 1372 1710; x_wconf 85' lang='lat' dir='ltr'><strong>praesidium</strong></span> <span class='ocrx_word' id='word_1_177' title='bbox 1394 1671 1538 1709; x_wconf 87' lang='lat' dir='ltr'><strong>parem.</strong></span> 
     </span>
     <span class='ocr_line' id='line_1_28' title="bbox 213 1721 1625 1774; baseline -0.001 -14"><span class='ocrx_word' id='word_1_178' title='bbox 213 1724 270 1760; x_wconf 85' lang='lat' dir='ltr'><strong>L1.</strong></span> <span class='ocrx_word' id='word_1_179' title='bbox 303 1721 403 1773; x_wconf 75' lang='lat' dir='ltr'><strong>quae</strong></span> <span class='ocrx_word' id='word_1_180' title='bbox 435 1722 545 1761; x_wconf 89' lang='lat' dir='ltr'><strong>illaec</strong></span> <span class='ocrx_word' id='word_1_181' title='bbox 576 1724 722 1772; x_wconf 86' lang='lat' dir='ltr'><strong>praeda</strong></span> <span class='ocrx_word' id='word_1_182' title='bbox 752 1725 840 1762; x_wconf 86' lang='lat' dir='ltr'><strong>est?</strong></span> <span class='ocrx_word' id='word_1_183' title='bbox 870 1723 936 1762; x_wconf 92' lang='lat' dir='ltr'><strong>ibo</strong></span> <span class='ocrx_word' id='word_1_184' title='bbox 961 1725 1176 1763; x_wconf 90' lang='lat' dir='ltr'><strong>aduorsum</strong></span> <span class='ocrx_word' id='word_1_185' title='bbox 1203 1731 1321 1774; x_wconf 88' lang='lat' dir='ltr'><strong>atque</strong></span> <span class='ocrx_word' id='word_1_186' title='bbox 1348 1723 1537 1769; x_wconf 83' lang='lat' dir='ltr'><strong>electabo‚</strong></span> <span class='ocrx_word' id='word_1_187' title='bbox 1561 1733 1625 1769; x_wconf 80' lang='lat'><strong>295</strong></span> 
     </span>
     <span class='ocr_line' id='line_1_29' title="bbox 1253 1787 1536 1838; baseline -0.011 -11"><span class='ocrx_word' id='word_1_188' title='bbox 1253 1787 1448 1838; x_wconf 88' lang='lat' dir='ltr'><strong>quidquid</strong></span> <span class='ocrx_word' id='word_1_189' title='bbox 1468 1794 1536 1825; x_wconf 90' lang='lat' dir='ltr'><strong>est.</strong></span> 
     </span>
     <span class='ocr_line' id='line_1_30' title="bbox 212 1852 1306 1904; baseline 0.002 -15"><span class='ocrx_word' id='word_1_190' title='bbox 212 1852 330 1891; x_wconf 86' lang='lat' dir='ltr'><strong>iubeo</strong></span> <span class='ocrx_word' id='word_1_191' title='bbox 351 1860 388 1892; x_wconf 90' lang='lat' dir='ltr'><strong>te</strong></span> <span class='ocrx_word' id='word_1_192' title='bbox 409 1854 559 1892; x_wconf 89' lang='lat' dir='ltr'><strong>saluere</strong></span> <span class='ocrx_word' id='word_1_193' title='bbox 581 1866 679 1892; x_wconf 89' lang='lat' dir='ltr'><strong>uoce</strong></span> <span class='ocrx_word' id='word_1_194' title='bbox 701 1867 866 1901; x_wconf 91' lang='lat' dir='ltr'><strong>summa,</strong></span> <span class='ocrx_word' id='word_1_195' title='bbox 889 1855 1021 1904; x_wconf 88' lang='lat' dir='ltr'><strong>quoad</strong></span> <span class='ocrx_word' id='word_1_196' title='bbox 1043 1853 1143 1892; x_wconf 88' lang='lat' dir='ltr'><strong>uires</strong></span> <span class='ocrx_word' id='word_1_197' title='bbox 1165 1855 1306 1892; x_wconf 88' lang='lat' dir='ltr'><strong>ualent.</strong></span> 
     </span>
     <span class='ocr_line' id='line_1_31' title="bbox 214 1916 1539 1969; baseline -0.001 -14"><span class='ocrx_word' id='word_1_198' title='bbox 214 1919 282 1955; x_wconf 64' lang='lat' dir='ltr'><strong>LE.</strong></span> <span class='ocrx_word' id='word_1_199' title='bbox 305 1918 549 1967; x_wconf 80' lang='lat' dir='ltr'><strong>gymnasium</strong></span> <span class='ocrx_word' id='word_1_200' title='bbox 567 1918 684 1967; x_wconf 73' lang='lat' dir='ltr'><strong>flagri,</strong></span> <span class='ocrx_word' id='word_1_201' title='bbox 701 1920 862 1958; x_wconf 86' lang='lat' dir='ltr'><strong>salueto.</strong></span> <span class='ocrx_word' id='word_1_202' title='bbox 902 1921 961 1957; x_wconf 87' lang='lat' dir='ltr'><strong>L1.</strong></span> <span class='ocrx_word' id='word_1_203' title='bbox 985 1918 1080 1969; x_wconf 86' lang='lat' dir='ltr'><strong>quid</strong></span> <span class='ocrx_word' id='word_1_204' title='bbox 1093 1918 1185 1969; x_wconf 81' lang='lat' dir='ltr'><strong>agis,</strong></span> <span class='ocrx_word' id='word_1_205' title='bbox 1202 1925 1333 1956; x_wconf 86' lang='lat' dir='ltr'><strong>custos</strong></span> <span class='ocrx_word' id='word_1_206' title='bbox 1347 1916 1539 1956; x_wconf 84' lang='lat' dir='ltr'><strong>carceris?</strong></span> 
     </span>
     <span class='ocr_line' id='line_1_32' title="bbox 213 1982 1343 2034; baseline 0 -14"><span class='ocrx_word' id='word_1_207' title='bbox 213 1984 281 2020; x_wconf 59' lang='lat'><em>1113.</em></span> <span class='ocrx_word' id='word_1_208' title='bbox 315 1998 338 2020; x_wconf 91' lang='lat' dir='ltr'><strong>o</strong></span> <span class='ocrx_word' id='word_1_209' title='bbox 359 1991 584 2021; x_wconf 82' lang='lat' dir='ltr'><strong>catenarum</strong></span> <span class='ocrx_word' id='word_1_210' title='bbox 608 1985 759 2022; x_wconf 88' lang='lat' dir='ltr'><strong>colone.</strong></span> <span class='ocrx_word' id='word_1_211' title='bbox 821 1985 880 2022; x_wconf 92' lang='lat' dir='ltr'><strong>L1.</strong></span> <span class='ocrx_word' id='word_1_212' title='bbox 914 1998 938 2022; x_wconf 95' lang='lat' dir='ltr'><strong>o</strong></span> <span class='ocrx_word' id='word_1_213' title='bbox 959 1983 1153 2034; x_wconf 82' lang='lat' dir='ltr'><strong>uirgarum</strong></span> <span class='ocrx_word' id='word_1_214' title='bbox 1175 1982 1343 2021; x_wconf 87' lang='lat' dir='ltr'><strong>lasciuia.</strong></span> 
     </span>
     <span class='ocr_line' id='line_1_33' title="bbox 213 2046 1537 2098; baseline -0.002 -13"><span class='ocrx_word' id='word_1_215' title='bbox 213 2047 281 2085; x_wconf 63' lang='lat' dir='ltr'><strong>LE.</strong></span> <span class='ocrx_word' id='word_1_216' title='bbox 314 2055 410 2097; x_wconf 77' lang='lat' dir='ltr'><strong>quot</strong></span> <span class='ocrx_word' id='word_1_217' title='bbox 432 2049 567 2098; x_wconf 90' lang='lat' dir='ltr'><strong>pondo</strong></span> <span class='ocrx_word' id='word_1_218' title='bbox 589 2049 654 2086; x_wconf 85' lang='lat' dir='ltr'><strong>ted</strong></span> <span class='ocrx_word' id='word_1_219' title='bbox 681 2062 766 2086; x_wconf 86' lang='lat' dir='ltr'><strong>esse</strong></span> <span class='ocrx_word' id='word_1_220' title='bbox 793 2062 931 2087; x_wconf 87' lang='lat' dir='ltr'><strong>censes</strong></span> <span class='ocrx_word' id='word_1_221' title='bbox 958 2049 1140 2087; x_wconf 87' lang='lat' dir='ltr'><strong>nudum?</strong></span> <span class='ocrx_word' id='word_1_222' title='bbox 1198 2048 1255 2085; x_wconf 90' lang='lat' dir='ltr'><strong>L1.</strong></span> <span class='ocrx_word' id='word_1_223' title='bbox 1288 2060 1368 2085; x_wconf 90' lang='lat' dir='ltr'><strong>non</strong></span> <span class='ocrx_word' id='word_1_224' title='bbox 1396 2046 1537 2096; x_wconf 88' lang='lat' dir='ltr'><strong>edepol</strong></span> 
     </span>
     <span class='ocr_line' id='line_1_34' title="bbox 1441 2110 1533 2149; baseline -0.011 0"><span class='ocrx_word' id='word_1_225' title='bbox 1441 2110 1533 2149; x_wconf 86' lang='lat' dir='ltr'><strong>scio.</strong></span> 
     </span>
     <span class='ocr_line' id='line_1_35' title="bbox 213 2176 1624 2228; baseline 0 -12"><span class='ocrx_word' id='word_1_226' title='bbox 213 2179 281 2216; x_wconf 72' lang='lat' dir='ltr'><strong>LE.</strong></span> <span class='ocrx_word' id='word_1_227' title='bbox 315 2178 461 2216; x_wconf 80' lang='lat' dir='ltr'><strong>scibam</strong></span> <span class='ocrx_word' id='word_1_228' title='bbox 481 2192 553 2228; x_wconf 82' lang='lat' dir='ltr'><strong>ego</strong></span> <span class='ocrx_word' id='word_1_229' title='bbox 575 2186 612 2217; x_wconf 86' lang='lat' dir='ltr'><strong>te</strong></span> <span class='ocrx_word' id='word_1_230' title='bbox 634 2177 794 2224; x_wconf 84' lang='lat' dir='ltr'><strong>nescire,</strong></span> <span class='ocrx_word' id='word_1_231' title='bbox 810 2186 848 2216; x_wconf 88' lang='lat' dir='ltr'><strong>at</strong></span> <span class='ocrx_word' id='word_1_232' title='bbox 870 2180 934 2228; x_wconf 86' lang='lat' dir='ltr'><strong>pol</strong></span> <span class='ocrx_word' id='word_1_233' title='bbox 956 2192 1029 2228; x_wconf 79' lang='lat' dir='ltr'><strong>ego</strong></span> <span class='ocrx_word' id='word_1_234' title='bbox 1043 2178 1108 2228; x_wconf 83' lang='lat' dir='ltr'><strong>qui</strong></span> <span class='ocrx_word' id='word_1_235' title='bbox 1131 2179 1196 2217; x_wconf 88' lang='lat' dir='ltr'><strong>ted</strong></span> <span class='ocrx_word' id='word_1_236' title='bbox 1218 2177 1384 2228; x_wconf 87' lang='lat' dir='ltr'><strong>expendi</strong></span> <span class='ocrx_word' id='word_1_237' title='bbox 1402 2176 1507 2215; x_wconf 89' lang='lat' dir='ltr'><strong>scio:</strong></span> <span class='ocrx_word' id='word_1_238' title='bbox 1554 2190 1624 2225; x_wconf 89' lang='lat'><strong>300</strong></span> 
     </span>
     <span class='ocr_line' id='line_1_36' title="bbox 255 2281 1534 2322; baseline 0 -10"><span class='ocrx_word' id='word_1_239' title='bbox 255 2284 317 2320; x_wconf 85' lang='lat'><strong>278</strong></span> <span class='ocrx_word' id='word_1_240' title='bbox 343 2283 416 2313; x_wconf 74' lang='lat' dir='ltr'><strong>liuic</strong></span> <span class='ocrx_word' id='word_1_241' title='bbox 432 2293 501 2313; x_wconf 86' lang='lat' dir='ltr'><strong>occ.</strong></span> <span class='ocrx_word' id='word_1_242' title='bbox 521 2282 586 2312; x_wconf 82' lang='lat' dir='ltr'><strong>cod.</strong></span> <span class='ocrx_word' id='word_1_243' title='bbox 605 2293 610 2312; x_wconf 91' lang='lat'>:</span> <span class='ocrx_word' id='word_1_244' title='bbox 637 2281 707 2312; x_wconf 79' lang='lat' dir='ltr'><strong>trm&#39;.</strong></span> <span class='ocrx_word' id='word_1_245' title='bbox 723 2282 894 2313; x_wconf 72' lang='lat' dir='ltr'><strong>Fleckeisen</strong></span> <span class='ocrx_word' id='word_1_246' title='bbox 984 2284 1048 2314; x_wconf 81' lang='lat'><strong>280</strong></span> <span class='ocrx_word' id='word_1_247' title='bbox 1071 2293 1149 2313; x_wconf 82' lang='lat' dir='ltr'><strong>eros</strong></span> <span class='ocrx_word' id='word_1_248' title='bbox 1164 2282 1332 2322; x_wconf 62' lang='grc' dir='ltr'><strong>Νιὶηιςνεν</strong></span> <span class='ocrx_word' id='word_1_249' title='bbox 1418 2282 1481 2320; x_wconf 85' lang='lat'><strong>284</strong></span> <span class='ocrx_word' id='word_1_250' title='bbox 1499 2285 1534 2312; x_wconf 81' lang='lat' dir='ltr'><strong>ut</strong></span> 
     </span>
     <span class='ocr_line' id='line_1_37' title="bbox 211 2325 1531 2365; baseline 0.001 -10"><span class='ocrx_word' id='word_1_251' title='bbox 211 2326 251 2356; x_wconf 71' lang='lat' dir='ltr'><strong>acl</strong></span> <span class='ocrx_word' id='word_1_252' title='bbox 277 2332 421 2356; x_wconf 69' lang='lat' dir='ltr'><strong>aetatem</strong></span> <span class='ocrx_word' id='word_1_253' title='bbox 449 2325 536 2356; x_wconf 83' lang='lat' dir='ltr'><strong>codd.</strong></span> <span class='ocrx_word' id='word_1_254' title='bbox 566 2325 669 2356; x_wconf 75' lang='lat' dir='ltr'><strong>Nonii</strong></span> <span class='ocrx_word' id='word_1_255' title='bbox 692 2335 732 2364; x_wconf 81' lang='lat'><strong>72</strong></span> <span class='ocrx_word' id='word_1_256' title='bbox 865 2326 930 2356; x_wconf 87' lang='lat'><strong>286</strong></span> <span class='ocrx_word' id='word_1_257' title='bbox 950 2326 1012 2356; x_wconf 79' lang='lat' dir='ltr'><strong>sict</strong></span> <span class='ocrx_word' id='word_1_258' title='bbox 1029 2326 1094 2356; x_wconf 86' lang='lat' dir='ltr'><strong>cod.</strong></span> <span class='ocrx_word' id='word_1_259' title='bbox 1221 2326 1283 2355; x_wconf 85' lang='lat'><strong>288</strong></span> <span class='ocrx_word' id='word_1_260' title='bbox 1303 2329 1378 2365; x_wconf 76' lang='lat' dir='ltr'><strong>pos!</strong></span> <span class='ocrx_word' id='word_1_261' title='bbox 1399 2325 1485 2355; x_wconf 70' lang='lat' dir='ltr'><strong>lium</strong></span> <span class='ocrx_word' id='word_1_262' title='bbox 1504 2335 1531 2356; x_wconf 84' lang='lat' dir='ltr'><strong>v.</strong></span> 
     </span>
    </p>
   </div>
   <div class='ocr_carea' id='block_1_11' title="bbox 210 2368 1534 2455">
    <p class='ocr_par' dir='ltr' id='par_1_13' title="bbox 210 2368 1534 2455">
     <span class='ocr_line' id='line_1_38' title="bbox 211 2368 1534 2408; baseline -0.001 -10"><span class='ocrx_word' id='word_1_263' title='bbox 211 2368 368 2399; x_wconf 73' lang='lat' dir='ltr'><strong>lacunam</strong></span> <span class='ocrx_word' id='word_1_264' title='bbox 385 2370 468 2408; x_wconf 49' lang='lat'><strong>⁸¹:4⁰¹·</strong></span> <span class='ocrx_word' id='word_1_265' title='bbox 491 2369 596 2405; x_wconf 68' lang='lat' dir='ltr'><strong>Gocts,</strong></span> <span class='ocrx_word' id='word_1_266' title='bbox 616 2368 727 2399; x_wconf 82' lang='lat' dir='ltr'><strong>Loewe</strong></span> <span class='ocrx_word' id='word_1_267' title='bbox 830 2369 894 2407; x_wconf 87' lang='lat'><strong>289</strong></span> <span class='ocrx_word' id='word_1_268' title='bbox 916 2377 966 2400; x_wconf 88' lang='lat' dir='ltr'><strong>su.</strong></span> <span class='ocrx_word' id='word_1_269' title='bbox 984 2381 1015 2408; x_wconf 88' lang='lat' dir='ltr'><strong>q.</strong></span> <span class='ocrx_word' id='word_1_270' title='bbox 1034 2374 1072 2402; x_wconf 82' lang='lat' dir='ltr'><strong>tr.</strong></span> <span class='ocrx_word' id='word_1_271' title='bbox 1091 2369 1179 2400; x_wconf 80' lang='lat' dir='ltr'><strong>codd.</strong></span> <span class='ocrx_word' id='word_1_272' title='bbox 1195 2369 1298 2400; x_wconf 72' lang='lat' dir='ltr'><strong>Nonii</strong></span> <span class='ocrx_word' id='word_1_273' title='bbox 1311 2378 1375 2408; x_wconf 83' lang='lat'><strong>412</strong></span> <span class='ocrx_word' id='word_1_274' title='bbox 1472 2378 1534 2407; x_wconf 81' lang='lat'><strong>292</strong></span> 
     </span>
     <span class='ocr_line' id='line_1_39' title="bbox 210 2411 688 2455; baseline -0.004 -12"><span class='ocrx_word' id='word_1_275' title='bbox 210 2411 320 2455; x_wconf 82' lang='lat' dir='ltr'><strong>(heu)</strong></span> <span class='ocrx_word' id='word_1_276' title='bbox 338 2413 457 2451; x_wconf 82' lang='lat' dir='ltr'><strong>edepol</strong></span> <span class='ocrx_word' id='word_1_277' title='bbox 477 2412 688 2442; x_wconf 74' lang='lat' dir='ltr'><strong>Camerarius</strong></span> 
     </span>
    </p>
   </div>
  </div>
 </body>
</html>
