1727 2712
617 106 975 145 MENAECHMI
1390 104 1459 141 IV.
1480 102 1511 140 ii

454 217 642 256 sollicitos
663 224 849 267 patronos
869 216 1029 255 habent.

131 284 268 322 datum
290 284 487 333 denegant
507 284 616 332 quod
636 284 773 320 datum
794 289 864 328 est,
886 281 1011 319 litium
1032 281 1151 331 pleni,
1173 293 1333 332 rapaces

507 347 593 395 uiri,
613 347 863 394 fraudulenti,

130 412 197 463 qui
218 420 285 451 aut
305 415 464 451 faenore
484 420 551 451 aut
571 412 742 463 peiiuriis
763 413 911 450 habent
931 425 1012 450 rem
1034 419 1221 462 paratam,

24 485 110 529 584α
506 491 617 516 mens
637 485 696 516 est
717 477 756 515 in
777 490 858 527 quo
915 492 934 511 κε
1483 494 1522 527 15

46 549 107 593 585
183 543 238 581 eis
259 543 326 581 ubi
347 543 490 581 dicitur
508 543 604 590 dies,
628 543 743 581 simul
764 543 939 593 patronis
960 542 1113 590 dicitur,

344 609 491 659 quippe
511 608 578 658 qui
599 622 670 659 pro
691 608 764 646 illis
785 608 983 658 loquimur
1003 621 1104 657 quae
1125 609 1227 646 male
1247 609 1424 647 fecerunt
1443 623 1450 647 :

289 681 356 712 aut
376 675 427 712 ad
448 675 639 724 populum
659 681 728 711 aut
747 673 787 711 in
808 673 890 711 iure
909 681 977 711 aut
997 675 1048 712 ad
1069 673 1241 711 iudicem
1262 681 1348 712 rest.

128 737 228 776 sicut
250 752 313 776 me
333 738 453 776 hodie
473 738 580 776 nimi’
601 738 813 777 sollicitum
834 738 956 777 cliens
976 738 1140 788 quidam
1162 738 1300 777 habuit
1320 752 1450 789 neque

1222 805 1331 854 quod
1351 804 1460 843 uolui

181 882 296 919 agere
314 877 382 907 aut
401 869 562 918 quicum
584 868 783 916 licitumst,
805 868 859 907 ita
879 870 971 907 med
990 868 1134 917 attinit‚
1154 869 1207 907 ita
1227 869 1377 907 detinit.
1480 881 1521 905 20

42 943 109 979 590
126 935 233 983 apud
253 933 391 972 aedilis
411 948 483 984 pro
503 934 586 972 eius
607 934 718 972 factis
740 933 1012 984 plurumisque
1033 934 1307 984 pessumisque

126 998 254 1036 deixei
274 1012 468 1046 caussam,
483 999 740 1038 condiciones
761 999 871 1038 tetuli
893 1007 1023 1046 tortas,
1047 1001 1319 1050 confragosas:

125 1070 193 1101 aut
213 1065 301 1113 plus
320 1071 388 1103 aut
408 1063 530 1102 minu'
553 1078 672 1114 quarn
694 1078 793 1115 opus
814 1072 895 1103 erat
915 1065 1024 1103 dicto
1044 1064 1217 1103 dixeram
1234 1066 1460 1103 controuor-

1286 1130 1397 1178 siam,
1417 1138 1459 1170 ut

342 1195 504 1246 sponsio
525 1197 644 1234 fieret.
703 1195 800 1246 quid
821 1195 872 1234 ill'
893 1195 960 1246 qui
981 1197 1167 1246 praedem
1189 1196 1330 1234 dedit?

127 1273 200 1298 nec
221 1260 343 1310 magis
364 1262 630 1299 manufestum
652 1274 725 1311 ego
746 1261 949 1299 hominem
977 1264 1167 1310 umquam
1192 1262 1315 1299 ullum
1336 1261 1459 1300 teneri
1481 1271 1519 1303 ²5

1353 1326 1434 1366 uidi
1452 1341 1460 1365 ε

40 1388 104 1426 595
125 1379 312 1417 omnibus
334 1382 434 1418 male
454 1380 565 1418 factis
586 1388 704 1419 testes
725 1388 800 1419 tres
821 1382 983 1419 aderant
1003 1380 1205 1419 acerrumi.

395 1445 435 1483 di
456 1445 565 1483 illum
587 1459 725 1484 omnes
746 1447 924 1496 perdant,
947 1446 1000 1484 ita
1020 1446 1117 1484 mihi

40 1511 106 1554 596
394 1512 500 1549 hunc
521 1511 640 1550 hodie
660 1511 874 1561 corrumpit
895 1511 1013 1558 diem,

394 1589 538 1626 meque
557 1577 670 1623 adeo,
693 1578 761 1626 qui
782 1577 901 1615 hodie
921 1578 1049 1614 forum

39 1649 104 1686 597
393 1654 583 1690 umquam
604 1641 728 1679 oculis
748 1641 899 1691 inspexi
919 1641 1028 1680 meis.
1478 1658 1520 1690 30

393 1705 500 1745 diem
521 1707 676 1757 corrupi
703 1706 706 1758 Ι
734 1715 967 1756 optumum:

39 1773 104 1818 598
394 1770 487 1809 iussi
507 1771 683 1821 apparari
705 1771 925 1821 prandium,

393 1836 520 1875 amica
540 1845 739 1887 exspectat
760 1851 836 1884 me,
857 1837 949 1875 scio.

168 1940 229 1978 582
254 1939 362 1978 pleni.
377 1950 410 1978 r.
431 1963 438 1970 .
454 1940 517 1979 atis
534 1939 566 1968 A
659 1942 739 1979 584³
766 1950 881 1982 mense
895 1940 926 1970 in
947 1951 1014 1979 quo
1033 1941 1081 1971 ire
1099 1940 1150 1970 P:
1172 1959 1212 1964 —
1232 1941 1355 1981 nquola
1368 1960 1409 1964 —
1422 1941 1456 1972 A

124 1983 187 2021 585
214 1983 270 2013 Lis
290 1982 404 2024 [uiris]
423 1982 512 2021 1³41„
526 1988 586 2023 pro
604 1983 648 2020 E)
754 1985 818 2022 586
841 1985 1021 2023 loquantur
1034 1984 1066 2014 P
1082 1984 1195 2023 ‹filoqua
1209 1998 1224 2011 κ
1241 1998 1257 2012 vr
1272 1983 1335 2024 Bl)
1349 1997 1355 2017 :
1370 1986 1452 2024 sori.

125 2027 297 2067 loquamur
364 2026 507 2056 fecerint
523 2026 557 2055 P
607 2037 737 2057 versum
755 2028 823 2058 secl.
843 2027 1022 2057 Hermann
1120 2028 1182 2066 587
1207 2029 1294 2067 apud
1311 2028 1455 2059 aedilem

123 2080 178 2100 res
199 2074 250 2100 est
266 2070 299 2100 A
320 2070 433 2109 (anap.
455 2069 534 2101 dim.
553 2081 628 2100 cum
651 2071 716 2102 colo
734 2070 904 2106 Reiz-iano,
925 2075 961 2100 ut
981 2070 1058 2108 vid.)
1068 2071 1149 2110 sort.
1176 2075 1259 2109 recte,
1282 2082 1362 2101 nam
1383 2078 1454 2103 rest

124 2114 192 2151 (res
209 2118 262 2144 est
279 2114 378 2144 etiam
395 2113 440 2153 Ρ)
458 2117 642 2152 suspectum
780 2116 844 2154 588
870 2115 969 2145 minis
988 2114 1022 2144 P
1159 2115 1222 2153 589
1247 2120 1302 2145 aut
1319 2116 1453 2154 quicum

123 2156 264 2187 Ritschl:
290 2157 334 2196 ait
351 2166 395 2195 qu
414 2181 420 2187 .
439 2167 538 2196 quarn
561 2157 593 2186 A
615 2158 648 2197 (ι’.
663 2168 688 2189 e.
707 2158 772 2189 hau
799 2158 957 2198 quiquam
970 2158 996 2198 2>
1015 2170 1020 2188 :
1047 2159 1179 2197 quicum
1208 2157 1241 2187 P
1318 2159 1454 2190 attinuit

122 2200 168 2231 ita
191 2200 333 2230 detinuit
350 2199 383 2230 P
399 2200 512 2240 (anap.
533 2202 720 2240 septenam,
737 2201 770 2231 A
785 2212 816 2232 n.
834 2202 851 2231 l.
1002 2212 1066 2241 590
1091 2212 1151 2241 pro
1169 2201 1256 2242 eius]
1274 2202 1413 2241 proeliis
1425 2202 1457 2233 P

123 2243 216 2284 (corr.
232 2243 296 2284 ΒΖ)
424 2253 484 2283 591
512 2244 616 2275 detuli
628 2244 714 2274 ΑΒ2
841 2255 904 2285 592
929 2256 994 2284 qua
1006 2246 1038 2275 A
1111 2245 1219 2275 suerat
1232 2245 1265 2275 A
1347 2245 1454 2286 dicto]

122 2287 226 2317 multo
242 2287 275 2317 P
381 2287 430 2318 vel
445 2289 666 2319 controrsiam
791 2298 858 2328 593
881 2289 932 2320 vel
946 2289 1010 2319 illic
1136 2289 1295 2328 praedam
1314 2288 1387 2318 PCD
1403 2289 1453 2319 B2

121 2341 184 2370 594
200 2331 280 2369 fort.
306 2341 485 2370 numquam
576 2331 669 2362 illum
691 2332 724 2362 A
816 2333 919 2372 deficit
933 2333 966 2362 A
991 2343 1090 2371 usque
1109 2332 1194 2363 adv.
1216 2342 1297 2371 1005
1387 2335 1454 2372 596

123 2375 272 2414 corrupit
289 2374 335 2403 Β“-’
435 2385 496 2413 597
515 2375 590 2405 miis
606 2375 672 2407 cod.
695 2376 986 2416 (antiquaforma)
1081 2378 1160 2416 597a
1185 2377 1333 2416 corrupit
1351 2375 1454 2411 Bothe
