1727 2702
132 94 243 133 III.i
643 99 690 136 T.
725 98 906 137 MACCI
938 99 1143 138 PLAVTI

233 219 320 245 eam
343 207 398 244 sei
419 206 584 254 curabis,
609 208 833 258 perbonast‚
857 209 1044 247 tondetur
1064 209 1230 249 nimium
1252 211 1358 251 scite.

237 273 304 308 ΡΑ.
328 271 489 309 honoris
502 285 641 310 caussa
653 272 849 322 quidquid
863 281 921 312 est
937 275 1046 324 quod
1060 275 1217 314 dabitur
1228 285 1379 326 gratum
1395 278 1563 319 habebo.

176 351 217 381 30
236 338 304 374 Lv.
338 351 454 384 nunc,
475 337 624 384 mulier,
642 351 693 376 ne
714 345 755 376 tu
776 339 916 377 frustra
935 339 999 386 sis,
1018 353 1107 379 mea
1126 354 1207 380 non
1228 355 1280 389 es,
1299 356 1349 381 ne
1369 343 1563 383 arbitrere.

236 402 303 439 ΡΑ.
336 401 424 440 deic
445 401 560 452 igitur
579 416 742 453 quaeso,
757 403 877 453 quoia
897 406 1015 442 sum?
1063 407 1132 443 Lv.
1165 413 1234 445 tuo
1250 420 1317 445 ero
1333 408 1566 459 redempta’s

1408 486 1541 511 rusum
1557 488 1566 521 ;

232 546 307 583 ego
327 540 365 572 te
385 534 547 581 redemi,
568 535 632 572 ssle
652 547 810 574 mecum
831 534 967 574 orauit.
1029 537 1097 575 ΡΑ.
1129 536 1284 575 animus
1305 537 1429 585 rediit,
1586 553 1655 590 530

233 598 288 636 sei
309 611 466 637 mecum
488 606 664 638 seruatur
685 601 794 639 fides.
856 602 925 638 Lv.
960 601 1068 640 bono
1088 601 1222 641 animo
1243 615 1295 650 es,
1318 603 1498 642 liberabit

234 663 297 703 ille
318 671 356 703 te
376 665 498 703 homo
515 680 522 703 :
552 665 605 703 ita
625 666 769 715 edepol
789 666 951 717 deperit,
974 674 1094 717 atque
1114 667 1235 706 hodie
1254 668 1424 719 primum
1441 669 1550 708 uidit.

175 744 214 776 35
237 731 304 768 PA.
337 738 490 768 ecastor
510 730 588 769 iam
610 730 855 770 bienniumst
875 745 998 782 quom
1020 745 1176 771 mecum
1199 747 1280 772 rem
1301 734 1442 784 coepit.

234 809 351 842 nunc,
373 796 536 845 quando
555 795 729 834 amicum
750 803 788 835 te
809 796 891 835 scio
912 810 997 836 esse
1018 797 1130 845 illius,
1154 797 1351 838 indicabo.

233 861 304 899 Lv.
335 860 432 911 quid
452 860 509 899 ais
530 863 602 899 tu?
631 860 709 899 iam
735 860 983 900 bienniumst
999 875 1122 912 quom
1150 870 1281 902 tecum
1308 864 1390 903 re'rn
1418 866 1566 905 habet?
1586 877 1651 914 535

1334 932 1401 968 ΡΑ.
1433 939 1565 979 certo;

232 998 270 1030 et
291 991 391 1030 inte'r
411 1005 483 1030 nos
503 991 809 1039 coniurauimus,
832 1005 906 1042 ego
926 1006 1017 1031 cum
1038 992 1106 1031 illo
1126 1000 1165 1032 et
1185 993 1249 1032 ille
1271 1008 1425 1033 mecum
1443 1011 1449 1034 :

232 1070 306 1106 ego
340 1070 430 1095 cum
466 1056 550 1095 uiro
582 1065 620 1096 et
655 1057 704 1095 ill’
739 1070 830 1096 cum
863 1057 1035 1106 muliere,
1069 1058 1143 1096 nisi
1174 1073 1265 1098 cum
1298 1059 1364 1098 illo
1397 1069 1464 1099 aut
1498 1061 1562 1100 ille
1583 1067 1669 1111 536⁸*

1394 1139 1563 1173 mecum,

171 1204 215 1235 40
234 1197 371 1227 neuter
392 1188 514 1239 stupri
535 1202 675 1227 caussa
694 1196 814 1238 caput
835 1188 997 1228 limaret.
1060 1191 1129 1228 Lv.
1162 1189 1202 1229 di
1224 1190 1450 1229 inmortales
1468 1194 1474 1229 !

233 1254 350 1292 etiam
372 1267 463 1292 cum
485 1267 604 1291 uxore
625 1267 704 1291 non
726 1254 875 1292 cubet?
933 1256 1000 1292 ΡΛ.
1032 1255 1188 1301 amabo,
1211 1256 1261 1293 :in
1283 1255 1489 1294 maritust?

232 1332 362 1368 neque
396 1326 454 1357 est
484 1332 614 1368 neque
643 1318 724 1357 erit.
786 1320 858 1357 Lv.
888 1319 1012 1357 nolim
1048 1319 1220 1370 quidem.
1281 1321 1402 1359 homo
1436 1322 1566 1360 hercle

1347 1385 1561 1436 peiierauit.

233 1451 301 1488 ΡΑ.
339 1451 491 1488 nullum
525 1451 821 1489 adulescentem
857 1452 944 1501 plus
982 1463 1084 1488 amo.
1165 1452 1233 1489 Lv.
1271 1464 1366 1501 puer
1404 1459 1462 1489 est
1501 1450 1564 1490 ille
1585 1466 1652 1502 540
1702 1474 1706 1475 ν

1239 1516 1411 1566 quidem,
1434 1518 1560 1555 stulta.

233 1596 323 1621 nam
346 1582 397 1620 illi
419 1582 580 1633 quidem
602 1584 679 1621 hau
701 1596 795 1621 sane
815 1583 922 1621 diust
942 1595 1064 1632 quom
1086 1583 1226 1621 dentes
1247 1581 1484 1621 exciderunt.

172 1663 213 1696 45
233 1649 301 1685 ΡΛ.
334 1647 441 1698 quid,
471 1649 640 1686 dentes?
697 1649 766 1686 ΙΝ.
799 1647 896 1686 nihil
923 1655 991 1686 est.
1052 1660 1216 1698 sequere
1246 1647 1307 1686 sis.
1368 1649 1473 1686 hunc
1501 1661 1564 1687 me

1166 1712 1271 1752 diem
1294 1727 1416 1752 unum
1438 1713 1563 1752 orauit

231 1787 271 1817 ut
293 1780 398 1829 apud
421 1792 483 1817 me
504 1778 775 1829 praehiberem
796 1780 941 1826 locum,
964 1778 1056 1817 ideo
1076 1778 1169 1828 quia
1188 1792 1284 1817 uxor
1304 1778 1485 1817 rurist.—

181 1891 210 1928 ii
762 1890 1033 1926 DEMlPHo

314 1972 388 2008 1)1-:.
420 1972 601 2009 Tandem
625 1970 829 2021 impetraui
851 1978 1007 2020 egomet
1028 1984 1091 2009 me
1112 1978 1154 2009 ut
1174 1984 1463 2021 corrumperem
1481 1987 1487 2010 :

310 2044 478 2086 emptast
499 2035 625 2074 amica
646 2037 746 2073 elam
769 2048 928 2073 uxorem
950 2043 987 2073 et
1009 2037 1109 2073 clam
1133 2035 1266 2074 silium.
1581 2051 1645 2086 545

274 2139 338 2177 526
362 2139 515 2169 curabeis
532 2139 563 2169 A
656 2148 717 2177 527
735 2139 914 2176 haspeitur
927 2138 959 2168 A
981 2140 1007 2178 (‘
1021 2139 1084 2170 sct‘l.
1104 2138 1419 2179 luabctor‚'Scl10elf)
1496 2150 1560 2179 530

229 2182 330 2224 (illi).
352 2182 405 2212 ille
424 2182 551 2212 Ritschl
614 2182 760 2222 mecum]
780 2192 832 2212 me
846 2182 879 2212 P
895 2184 987 2223 &pro
1000 2186 1085 2221 mee,
1103 2183 1122 2214 ι’.
1136 2193 1158 2214 e.
1181 2185 1326 2222 mecum)
1393 2184 1512 2214 redieit
1525 2184 1558 2214 A

231 2237 294 2265 532
320 2227 368 2256 vel
389 2226 434 2256 ill'
460 2230 492 2256 te
583 2227 673 2265 atqui
691 2226 749 2256 alii
879 2235 941 2265 534
967 2226 1086 2256 incabo
1108 2226 1140 2256 A
1276 2236 1340 2266 535
1364 2227 1465 2258 habet
1488 2238 1556 2258 rem

233 2276 341 2299 tecum
361 2271 391 2299 A
507 2271 674 2308 536-536u
699 2275 732 2300 et
750 2268 805 2299 ille
823 2294 829 2300 .
852 2294 858 2300 .
880 2294 886 2301 .
908 2269 964 2300 illo
982 2280 1046 2300 om.
1067 2270 1099 2300 A
1122 2270 1182 2311 (iii.
1200 2270 1252 2309 11)
1365 2271 1428 2310 536
1453 2271 1477 2301 it
1491 2272 1560 2310 (vix

229 2319 288 2352 pro
307 2314 355 2345 id>
375 2314 430 2343 int.
451 2313 483 2342 A
590 2314 654 2351 538
671 2323 713 2342 an
728 2312 837 2354 (iam)
855 2311 994 2343 Mueller
1081 2324 1122 2343 an
1141 2312 1312 2354 maritust]
1330 2319 1516 2345 amaturust
1530 2313 1562 2344 Ρ

231 2367 294 2395 539
319 2357 500 2395 periurabit
519 2356 552 2386 A
673 2366 737 2394 542
761 2356 825 2386 huc
844 2355 877 2385 Ρ
991 2366 1054 2396 543
1081 2357 1156 2387 ideo
1175 2356 1270 2397 [feci]
1286 2358 1319 2387 A
1435 2368 1496 2397 544
1523 2362 1557 2387 ut

231 2405 366 2440 egomet
386 2411 436 2430 me
452 2400 483 2430 Ι)
567 2400 616 2430 vel
632 2401 706 2430 med
782 2400 832 2430 vel
847 2400 893 2431 uti
1028 2410 1090 2439 545
1116 2410 1220 2431 uxore
1238 2402 1269 2431 A
1363 2401 1425 2431 iam
1445 2401 1512 2432 filio
1530 2402 1562 2432 P
