1727 2712
667 146 995 184 AVLVLARIA
1443 147 1498 184 ΙΙ.
1518 148 1566 183 iv

169 253 221 292 de
241 267 313 292 suo
333 253 457 303 tigillo
477 255 608 293 fumus
628 253 659 293 si
680 268 758 305 qua
778 253 856 294 exit
876 255 989 294 foras.

169 318 277 369 quin,
300 332 423 369 quom
444 318 473 357 it
493 319 720 367 dormitum,
739 321 873 358 follem
894 319 1100 370 opstringit
1121 320 1173 359 ob
1194 320 1336 370 gulam.

170 385 248 421 AN.
281 385 383 434 qur?
438 385 531 423 STR.
564 398 614 424 ne
633 384 730 435 quid
750 384 906 424 animae
926 385 1025 423 forte
1045 378 1198 423 amittat
1219 384 1430 424 dormiens.

170 449 248 486 AN.
281 447 453 487 etiamne
473 456 629 499 opturat
650 448 873 488 inferiorem
893 456 1102 500 gutturem,
1526 466 1565 498 25

82 527 148 564 305
169 527 220 552 ne
239 513 335 564 quid
355 513 500 552 animai
520 515 619 553 forte
638 514 792 553 amittat
810 514 1011 554 dormiens
1024 516 1042 553 ?

168 579 262 617 STR.
295 579 392 617 haec
413 578 509 617 mihi
530 587 568 618 te
589 586 631 618 ut
651 579 721 618 tibi
742 580 834 618 med
854 593 1025 630 aequom
1046 587 1116 627 est,
1139 580 1270 627 credo,
1293 581 1462 618 credere.

168 645 247 681 AN.
280 643 403 682 immo
423 645 609 694 equidem
630 645 760 684 credo.
825 646 919 684 STR.
952 645 991 683 at
1011 644 1095 683 scin
1116 644 1234 684 etiam
1255 646 1484 696 quomodo?

168 721 312 758 aquam
333 710 463 748 hercle
479 711 617 759 plorat,
639 723 761 760 quom
781 711 897 756 lauat,
921 711 1169 760 profundere.

168 775 246 812 AN.
278 787 423 812 censen
444 776 634 813 talentum
656 788 842 825 magnum
863 774 1011 814 exorari
1031 782 1124 826 pote
1522 785 1566 817 30

79 848 150 883 310
166 839 218 877 ab
238 838 336 877 istoc
357 852 461 885 sene,
484 846 526 877 ut
547 840 615 878 det
634 839 702 890 qui
722 841 863 879 fiamus
883 839 1025 878 liberi?

166 905 258 943 STR.
291 905 436 942 famem
456 905 587 943 hercle
607 905 796 944 utendam
817 904 849 943 si
870 918 995 955 roges,
1015 918 1234 956 numquam
1254 905 1375 945 dabit.

166 968 262 1018 quin
284 968 356 1019 ipsi
377 967 529 1019 pridem
551 976 686 1008 tonsor
706 969 847 1020 unguis
867 971 1092 1020 dempserat
1109 985 1116 1008 :

166 1033 347 1083 conlegit,
371 1033 505 1072 omnia
524 1033 685 1084 apstulit
704 1034 985 1085 praesegmina.

165 1099 244 1136 AN.
277 1099 420 1149 edepol
442 1099 647 1137 mortalem
668 1112 784 1150 parce
804 1112 966 1149 parcum
988 1099 1201 1150 praedicas.
1524 1109 1564 1143 35

78 1171 144 1208 315
165 1163 258 1201 STR.
291 1177 437 1202 censen
458 1177 553 1202 uero
573 1165 676 1202 adeo
695 1165 768 1203 ess'
787 1177 950 1214 parcum
971 1171 1009 1203 et
1030 1164 1168 1204 misere
1183 1164 1346 1204 uiuere?

164 1229 413 1278 pulmentum
434 1228 587 1279 pridem
608 1229 749 1279 eripuit
770 1228 804 1268 ei
825 1229 968 1268 miluos
985 1244 992 1268 :

164 1293 286 1332 homo
305 1294 357 1332 ad
377 1301 596 1343 praetorem
616 1294 941 1344 deplorabundus
963 1294 1072 1333 uenit
1087 1310 1097 1343 ;

165 1358 250 1397 infit
271 1358 325 1398 ibi
346 1361 543 1410 postulare
563 1361 731 1411 plorans,
755 1358 916 1405 eiulans,

165 1432 207 1462 ut
227 1423 300 1462 sibi
321 1424 455 1463 liceret
475 1424 639 1463 miluom
661 1424 848 1463 uadarier.
1520 1437 1564 1469 40

77 1497 148 1532 320
164 1497 344 1527 sescenta
363 1497 455 1528 sunt
474 1503 577 1540 quae
597 1503 826 1536 memorem,
849 1489 881 1527 si
901 1489 950 1528 sit
970 1489 1106 1528 otium.

164 1555 235 1593 sed
255 1562 341 1594 uter
361 1562 583 1594 uostrorum
604 1562 663 1593 est
683 1554 874 1594 celerior?
903 1569 1080 1594 memora
1100 1555 1208 1594 mihi.

165 1620 242 1657 AN.
275 1632 358 1670 ego,
385 1627 428 1658 ut
456 1621 582 1658 multo
611 1619 760 1659 melior.
818 1621 914 1659 STR.
945 1634 1118 1671 coquom
1147 1635 1232 1671 eg0,
1261 1635 1342 1660 non
1372 1623 1497 1661 furem

1389 1702 1494 1738 rogo.

164 1751 242 1788 AN.
275 1763 448 1801 coquom
477 1764 570 1802 ergo
599 1750 701 1790 dico.
759 1753 852 1791 STR.
884 1751 982 1803 quid
1012 1760 1053 1791 tu
1082 1752 1169 1791 ais?
1217 1754 1290 1793 Co.
1323 1753 1378 1792 sic
1408 1767 1495 1791 sum

1308 1826 1350 1857 ut
1370 1818 1492 1857 uides.

163 1881 241 1918 AN.
273 1893 424 1931 coquos
445 1880 509 1920 ille
530 1880 795 1929 nundinalest‚
819 1881 859 1920 in
880 1896 1030 1921 nonum
1053 1882 1159 1922 diem
1516 1898 1555 1929 45

75 1954 141 1991 325
162 1945 262 1983 solet
282 1944 336 1983 ire
356 1953 526 1984 coctum.
585 1948 658 1986 Co.
691 1954 773 1995 tun,
796 1946 912 1985 trium
934 1949 1147 1986 litterarum
1169 1949 1306 1996 homo,

130 2049 134 2052 ,
162 2022 226 2048 me
247 2009 474 2061 uituperas?
502 2012 572 2050 fur.
631 2013 710 2049 AN.
743 2011 861 2050 etiam
881 2013 956 2059 fur,
976 2012 1190 2052 trifurcifer.

205 2124 266 2154 301
293 2114 416 2154 ligello‚
439 2114 797 2156 ‘tugurz'olo,’testatur
809 2117 943 2148 Nonius
962 2126 1022 2156 134
1141 2120 1206 2157 306
1231 2119 1333 2150 credo
1354 2121 1493 2150 credere

161 2157 324 2197 Pylades:
349 2160 490 2190 credere
518 2159 620 2190 credo
641 2159 709 2190 cod.
736 2160 785 2199 (ii,
806 2170 838 2199 p.
856 2161 915 2200 37)
1058 2170 1124 2201 309
1148 2167 1228 2201 pote
1245 2162 1469 2202 Kampmann
1487 2176 1493 2194 :

160 2207 272 2240 potest
285 2201 352 2233 cod.
371 2202 407 2243 (i.
424 2204 458 2244 7)
599 2213 665 2242 310
688 2203 738 2233 vel
749 2208 825 2243 post
841 2204 898 2234 det
916 2203 1081 2245 distingue
1223 2215 1285 2244 3¹2
1311 2206 1383 2245 ipse
1401 2207 1488 2238 codd.

159 2244 262 2274 Nonii
287 2255 356 2286 151,
376 2255 440 2285 273
587 2255 651 2285 315
676 2257 753 2277 esse
775 2247 832 2277 del.
853 2246 1000 2287 Seyffi’rt.
1024 2247 1296 2287 Redslob(L1·ter.
1318 2249 1489 2281 Centralbl.

164 2288 256 2327 1895,
269 2299 300 2328 p.
317 2291 414 2328 1761)
491 2289 652 2320 miserere
669 2299 745 2321 corr.
765 2290 890 2321 misere
902 2291 968 2321 cod.
983 2292 1059 2330 (pro
1075 2292 1187 2327 miser,
1201 2293 1219 2322 i.
1229 2304 1251 2323 e.
1270 2293 1428 2324 miserum
1441 2295 1467 2334 ἓ)
1483 2305 1491 2325 :

160 2331 317 2362 miserum
345 2333 455 2373 magis
479 2333 678 2363 Plautinum
706 2343 772 2364 esse
795 2333 998 2365 demonstrat
1029 2335 1167 2377 Seyffert

158 2376 225 2412 316
249 2386 294 2406 er.
321 2376 352 2406 ei
379 2377 482 2407 Reiz:
507 2377 537 2407 ei
566 2386 611 2406 er.
639 2375 730 2407 cod.:
755 2378 786 2408 ei
813 2378 885 2409 der.
915 2377 1110 2409 Gulielmius
1324 2385 1386 2415 317
1414 2377 1490 2415 [vid.

161 2418 342 2447 ‘Addencla
359 2422 387 2447 et
405 2418 642 2458 Corrigenda')
849 2429 912 2458 322
936 2425 969 2450 et
993 2419 1132 2451 Mueller
1153 2420 1204 2461 (cf.
1224 2420 1271 2452 ad
1291 2422 1390 2452 Asin.
1409 2423 1488 2463 835)

159 2470 223 2500 323
245 2469 327 2499 ergo
344 2460 536 2493 Acidalz'us:
563 2471 626 2500 ego
644 2461 712 2492 cod.
733 2462 776 2502 (v.
796 2472 843 2501 12,
863 2473 894 2502 p.
918 2463 993 2503 104)
