1727 2702
123 119 176 156 II.
200 118 229 154 ii
616 121 663 158 T.
696 120 877 160 MACCI
910 121 1113 159 PLAVTI

203 229 261 266 Li.
295 230 424 268 hercle
445 243 539 268 uero
561 237 601 267 tu
622 229 782 269 cauebis
804 243 854 268 ne
875 244 938 269 me
958 229 1138 280 attingas,
1161 230 1192 269 si
1214 230 1328 281 sapis,

201 295 251 333 ne
272 294 390 333 hodie
412 296 516 333 malo
536 308 626 333 cum
647 294 824 346 auspicio
845 309 992 334 nomen
1013 295 1330 334 commutaueris.

202 361 273 398 LE.
296 373 454 410 quaeso,
477 374 606 410 aequo
626 360 761 399 animo
781 360 934 411 patitor.
980 362 1039 398 L1.
1063 360 1205 411 patitor
1226 362 1266 399 tu
1289 360 1380 399 item
1406 374 1528 411 quom
1551 372 1616 410 375

1187 439 1260 476 ego
1281 433 1318 464 te
1339 425 1525 464 referiam.

202 491 272 528 LE.
304 489 397 528 dico
431 498 473 528 ut
503 498 613 529 usust
648 490 739 530 fieri.
802 492 862 530 L1.
894 491 987 530 dico
1018 491 1148 530 hercle
1181 504 1255 541 ego
1293 505 1453 541 quoque
1486 498 1529 529 ut

1247 557 1408 594 facturu'
1427 569 1525 594 sum.

115 633 179 657 110
202 621 271 658 LE.
301 635 351 659 ne
372 634 480 670 nega.
543 623 602 660 Li.
628 621 723 672 quin
746 621 943 672 promitto,
968 621 1140 672 inquam,
1165 621 1310 660 hostire
1331 629 1467 660 contra
1486 628 1529 660 ut

1331 685 1525 724 merueris.

200 751 270 788 LE.
302 764 376 800 ego
395 752 506 798 abeo,
531 759 572 790 tu
593 751 682 799 iam,
700 751 792 799 scio,
813 751 969 802 patiere.
1014 752 1084 790 sed
1105 751 1192 801 quis
1213 751 1277 789 hic
1293 752 1380 790 est?
1410 750 1440 789 is
1457 758 1525 797 est,

198 814 262 854 ille
275 823 333 854 est
350 815 466 866 ipsus.
517 816 594 854 iam
610 831 684 867 ego
700 831 855 856 recurro
869 818 956 855 luic.
1007 824 1048 855 tu
1062 818 1168 855 hunc
1185 816 1331 855 interea
1345 815 1407 854 hic
1425 823 1524 854 tene.

199 881 292 918 uolo
321 879 404 919 seni
434 894 597 920 narrare.
663 883 722 919 L1.
755 881 852 932 quin
882 889 993 920 tuom
1023 881 1196 920 officium
1228 881 1321 920 sacis
1355 894 1447 931 ergo
1480 894 1526 919 ac
1547 883 1616 927 380

1399 945 1527 996 sugis?

134 1051 180 1088 iii
525 1053 841 1091 MERCATOR
955 1053 1206 1089 L113Ast

199 1139 282 1176 ΜΕ.
315 1140 367 1177 Vt
388 1139 680 1177 demonstratae
701 1146 791 1176 sunt
813 1138 922 1185 mihi,
943 1139 1060 1176 hasce
1080 1138 1188 1177 aedis
1209 1152 1294 1177 esse
1314 1144 1468 1188 oportet

199 1205 468 1242 Demaenetus
490 1203 556 1241 ubi
578 1203 720 1242 dicitur
741 1203 927 1242 habitare.
987 1203 1009 1249 i,
1034 1217 1163 1253 puerc,
1186 1205 1295 1254 pulta

195 1276 313 1318 atque
333 1268 542 1307 atriensem
564 1270 761 1315 Sauream,
787 1268 817 1306 si
839 1276 897 1307 est
919 1267 1034 1315 intus,
1058 1276 1226 1307 euocato
1248 1269 1334 1307 huc.

196 1336 255 1372 Li.
279 1334 366 1385 quis
384 1342 535 1373 nostras
557 1334 611 1373 sic
628 1334 767 1384 frangit
785 1335 916 1373 fores?
945 1335 1032 1381 ohe,
1049 1333 1223 1385 inquam,
1239 1334 1268 1372 si
1287 1335 1381 1385 quid
1398 1335 1520 1375 audis.

156 1416 174 1448 5
198 1402 279 1438 ME.
321 1414 440 1440 nemo
479 1400 596 1440 etiam
632 1400 766 1452 tetigit.
827 1414 952 1439 sanun
987 1402 1059 1440 es?
1134 1402 1193 1439 L1.
1233 1408 1273 1439 at
1311 1401 1522 1439 censebam
1543 1408 1609 1452 385

1351 1465 1523 1516 attigisse

195 1538 399 1582 propterea
420 1532 496 1570 huc
517 1531 610 1582 quia
631 1532 806 1571 habebas
827 1531 908 1571 iter.
969 1533 1063 1571 nolo
1083 1545 1157 1583 ego
1177 1533 1279 1571 fores
1299 1544 1510 1570 conseruas

194 1611 300 1635 meas
321 1611 343 1635 a
364 1605 400 1636 te
422 1597 669 1636 uerberarier.
730 1611 824 1636 sane
846 1611 919 1648 ego
940 1611 1026 1636 sum
1048 1596 1198 1636 amicus
1221 1596 1372 1636 nostris.

194 1663 277 1700 ΜΕ.
303 1664 366 1712 pol
388 1664 463 1701 hau
486 1662 675 1713 periclum
692 1670 750 1701 est
767 1662 947 1702 cardines
969 1676 1018 1701 ne
1035 1662 1183 1701 foribus
1203 1662 1476 1712 ecfringantur‚

193 1728 221 1764 si
249 1729 253 1778 Ι
282 1727 378 1766 istoc
399 1730 580 1778 exemplo
601 1728 787 1767 omnibus
809 1728 875 1779 qui
898 1736 1091 1779 quaerunt
1112 1727 1381 1779 respondebis.

136 1808 172 1829 10
195 1795 253 1831 Li.
287 1793 338 1831 ita
359 1794 456 1832 haec
478 1802 628 1832 morata
648 1802 705 1832 est
728 1794 867 1833 ianua:
899 1795 1097 1845 extemplo
1118 1793 1323 1832 ianitorem
1542 1809 1611 1845 390

192 1859 344 1904 clamat,
369 1860 504 1908 procul
526 1858 556 1897 si
578 1873 697 1909 quem
720 1859 829 1898 uidet
851 1859 904 1898 ire
924 1860 975 1898 ad
996 1873 1038 1898 se
1058 1858 1322 1898 calcitronem.

192 1924 260 1962 sed
288 1923 384 1974 quid
411 1923 552 1963 uenis?
592 1923 689 1974 quid
717 1923 942 1974 quaeritas?
1014 1925 1096 1962 ME.
1137 1925 1425 1963 Demaenetum
1457 1937 1522 1963 uo-

1378 1990 1518 2028 lebam.

193 2055 252 2092 Li.
285 2055 313 2092 si
336 2053 383 2092 sit
404 2054 525 2102 domi,
544 2054 673 2094 dicam
696 2055 777 2094 tibi.
839 2057 922 2094 ΜΕ.
954 2055 1050 2106 quid
1071 2054 1169 2094 eiius
1188 2054 1396 2095 atriensis?

194 2119 252 2156 Li.
286 2118 408 2157 nihilo
431 2133 542 2169 mage
564 2119 667 2158 intus
689 2128 756 2159 est.
818 2121 901 2158 ΜΕ.
925 2120 992 2159 ubi
1013 2122 1101 2159 est?
1158 2120 1216 2158 Li.
1248 2121 1299 2160 ad
1320 2128 1519 2159 tonsorem

1338 2185 1391 2224 ire
1411 2185 1519 2224 dixit.

236 2289 301 2327 376
325 2299 402 2319 usus
419 2288 487 2320 cod.
614 2299 676 2328 377
703 2293 736 2319 ut
757 2289 954 2319 memineris
973 2289 1062 2321 codd.
1081 2288 1216 2328 Nom'i3
1342 2290 1406 2329 380
1431 2294 1523 2320 tuom

192 2330 279 2368 Ima,
301 2331 366 2361 Leo
384 2333 517 2367 (Rher'n.
539 2331 626 2363 Mus.
646 2333 696 2371 38.
716 2334 749 2370 4)
767 2343 773 2362 :
799 2337 832 2362 tu
851 2331 915 2363 cod.
939 2332 998 2364 fiii.
1014 2335 1048 2371 3)
1170 2334 1233 2372 387
1260 2333 1386 2363 nostris
1405 2332 1521 2364 Guliel-

195 2386 293 2405 mus:
321 2377 444 2405 nostris
461 2376 603 2406 aedibus
617 2375 682 2406 cod.
701 2376 755 2405 siv.
782 2377 812 2407 ιδ
959 2377 1024 2415 389
1047 2375 1074 2405 si
1092 2375 1171 2419 (tu)
1189 2376 1208 2407 i.
1228 2375 1382 2417 Kacmps
1464 2386 1522 2407 ex-

193 2419 320 2458 templo
337 2419 400 2449 cod.
419 2431 425 2449 z
450 2420 505 2448 vix
521 2418 702 2458 exempulo
792 2418 878 2450 Istoc
897 2429 949 2450 ex.
966 2419 993 2449 si
1011 2419 1070 2450 alii
