1727 2712
53 565 122 608 960

53 951 120 995 965

57 1413 127 1450 970

59 1733 124 1771 975

628 126 983 164 MENAECHMI
1419 125 1465 160 V.
1489 134 1519 160 v

143 236 256 273 ΜΕΝ.
288 235 385 274 abiit
414 249 582 283 socerus,
611 235 692 274 abit
722 235 911 274 medicus.
971 247 1076 272 nunc
1106 236 1212 272 solus
1240 247 1337 272 sum.
1398 247 1470 284 pro

1268 297 1467 348 Iuppiter!

139 363 235 414 quid
256 363 348 403 illuc
368 372 426 403 est
447 365 556 415 quod
577 366 668 403 med
690 364 797 403 hisce
819 363 1000 402 homines
1020 362 1189 402 insanire
1210 362 1468 413 praedicant?
1488 375 1527 408 55

140 442 231 467 nam
261 429 458 479 equidem,
488 437 699 480 postquam
729 437 869 480 gnatus
899 442 999 476 sum,
1021 442 1239 479 numquam
1270 426 1468 478 aegrotaui

1220 506 1343 531 unum
1364 491 1470 531 diem

141 572 270 608 neque
291 573 363 609 ego
384 559 538 599 insanio
560 574 689 610 neque
710 573 861 610 pugnas
882 573 1012 610 neque
1033 572 1106 609 ego
1126 558 1203 597 litis
1224 557 1375 608 coepio.

140 625 270 662 saluos
292 625 421 662 saluos
443 624 540 663 alios
561 624 690 672 uideo,
715 624 809 663 noui
828 623 938 676 (ego)
956 624 1148 671 homines,
1171 625 1377 674 adloquor.

139 702 190 726 an
212 688 265 726 illi
286 702 489 738 perperam
512 688 682 728 insanire
704 703 766 728 me
786 689 907 736 aiunt,
931 688 1004 739 ipsi
1025 688 1258 727 insaniunt?

140 752 236 803 quid
257 766 330 803 ego
352 767 458 791 nunc
479 754 649 792 faciam?
687 755 853 792 domum
874 753 928 792 ire
949 753 1067 804 cupio
1087 768 1093 791 :
1123 756 1219 792 uxor
1240 767 1319 792 non
1341 751 1457 799 sinit3
1493 761 1535 793 60

142 820 220 856 huc
258 826 391 857 autem
428 832 546 858 nemo
585 819 818 858 intromittit.
890 818 997 857 nimi'
1037 826 1274 869 prouentum
1310 825 1368 857 est
1411 831 1475 855 ne-

1335 883 1471 934 quiter.

142 948 206 987 hic
226 962 293 987 ero
307 962 432 999 usque
450 963 460 996 ,·
488 950 539 988 ad
553 956 712 988 noctem
733 951 883 997 saltem,
899 951 1028 996 credo,
1048 948 1283 988 intromittar
1296 950 1471 988 domum.

657 1048 1002 1098 MEssEN1o'
1491 1063 1538 1100 vi

199 1141 303 1179 MEs.
337 1142 575 1191 Spectamen
598 1141 707 1179 bono
727 1154 842 1179 seruo
863 1140 902 1180 id
924 1148 991 1187 est,
1017 1140 1083 1191 qui
1105 1154 1186 1179 rem
1207 1140 1341 1179 erilem

198 1214 390 1256 procurat,
414 1206 533 1252 uidet,
558 1207 740 1244 conlocat
761 1205 996 1256 cogitatque,

198 1278 241 1309 ut
260 1280 423 1321 apsente
444 1285 510 1309 ero
531 1285 612 1309 rem
634 1271 689 1310 eri
709 1271 916 1321 diligenter

253 1343 400 1374 tutetur
419 1350 539 1386 quarn
560 1335 592 1375 si
613 1336 696 1387 ipse
716 1336 820 1375 adsit
839 1344 906 1375 aut
927 1336 1078 1376 rectius.

200 1408 350 1450 tergum
371 1414 490 1451 quam
510 1403 653 1451 gulam,
677 1415 789 1440 crura
808 1416 927 1452 quam
949 1410 1127 1440 uentrem
1148 1409 1303 1452 oportet
1498 1418 1516 1451 5

253 1465 406 1516 potiora
426 1479 512 1504 esse
532 1466 627 1517 quoi
647 1480 715 1505 cor
736 1468 916 1506 modeste
936 1467 1102 1505 situmst.

307 1530 532 1570 recordetur
551 1531 603 1579 id,
625 1531 693 1582 qui
715 1531 827 1570 nihili
847 1540 948 1579 sunt,
973 1532 1069 1582 quid
1090 1532 1144 1571 eis
1165 1531 1264 1582 preti

146 1596 260 1635 detur
279 1596 331 1634 ab
352 1595 430 1634 suis
451 1596 535 1644 eris,
560 1596 722 1647 ignauis,
745 1597 922 1647 inprobis
943 1597 1034 1635 uiris
1054 1613 1060 1635 :

416 1661 589 1707 uerbera,
614 1663 840 1712 compedes,

201 1727 340 1773 molae,
365 1724 538 1779 [magna]
562 1726 763 1773 lassitudo,
788 1729 921 1774 fames,
946 1727 1053 1778 srigu'
1074 1729 1228 1776 durum,
1499 1745 1540 1768 10

362 1792 458 1830 haec
479 1791 602 1841 pretia
622 1800 713 1830 sunt
734 1792 924 1842 ignauiae.

146 1854 186 1894 id
206 1869 280 1906 ego
301 1858 402 1894 male
423 1858 570 1894 malum
592 1856 727 1895 metuo
745 1872 751 1895 :
787 1865 993 1907 propterea
1015 1857 1164 1897 bonurn
1186 1871 1271 1897 esse
1291 1865 1479 1897 certumst

1346 1932 1477 1973 potius

189 2034 253 2064 957
268 2024 348 2064 sort.
379 2035 408 2056 a.
443 2035 560 2057 socrus
591 2026 660 2056 abit
689 2026 803 2066 (Arch.
830 2026 905 2059 Lat.
934 2026 1014 2058 Lex.
1046 2037 1094 2066 12,
1124 2028 1205 2067 592)
1297 2037 1386 2057 nunc
1419 2027 1476 2059 del.

150 2069 294 2107 Gm‘etus,
322 2069 471 2107 rhythmo
496 2070 665 2100 consulens
839 2072 904 2110 958
927 2069 1062 2114 (nunc)
1078 2082 1131 2101 me
1161 2072 1220 2111 (ita
1241 2070 1323 2103 σοιί.)
1345 2069 1484 2101 Mueller

149 2111 280 2152 (le'n.
309 2112 397 2143 Mus.
419 2121 470 2151 54,
497 2114 576 2152 393)
605 2114 656 2153 (cf.
679 2115 759 2153 957)
865 2114 918 2145 hic
935 2114 1000 2145 cod.
1024 2115 1073 2154 cf.
1103 2125 1166 2154 997
1188 2114 1254 2144 illic
1271 2120 1334 2155 pro
1359 2114 1478 2155 illisce)

147 2157 213 2195 960
229 2156 347 2195 coepio
374 2160 512 2186 testatur
530 2156 662 2187 Nonius
685 2158 749 2196 89:
774 2158 872 2198 cupio
889 2158 953 2189 cod.
1089 2160 1151 2197 961
1179 2169 1244 2197 ego
1260 2157 1336 2189 add.
1357 2157 1483 2188 Ritsclal

148 2198 255 2242 (hos)
272 2201 359 2230 hom.
374 2199 512 2230 Mueller
523 2199 655 2239 (Rlzein.
672 2201 760 2232 Mus.
783 2210 833 2240 54,
848 2203 928 2242 393)
989 2202 1070 2241 sort.
1089 2202 1243 2232 homines
1263 2203 1375 2241 uideo,
1397 2202 1477 2233 noui

148 2244 212 2281 962
239 2253 415 2283 perperam
437 2243 511 2274 Ital.
529 2255 535 2274 ε
561 2244 739 2283 perderam
763 2244 828 2276 cod.
858 2246 904 2286 (D
920 2251 983 2286 pro
1002 2246 1045 2281 Ρ)
1200 2248 1263 2285 965
1289 2255 1349 2276 ero
1371 2246 1478 2276 Pius:

149 2296 233 2325 ergo
250 2287 314 2318 cod.
408 2298 487 2317 usce
505 2287 568 2319 cod.
704 2289 770 2327 968
794 2287 906 2331 (tam)
933 2299 1001 2319 rem
1019 2288 1154 2328 Rz'lsclzl,
1175 2291 1227 2319 cm'
1239 2289 1350 2319 hiatus
1365 2290 1398 2319 in
1408 2290 1478 2328 fine

149 2329 342 2361 hemistichii
354 2331 494 2371 displicet
610 2333 675 2370 969
698 2332 748 2362 vel
761 2333 855 2371 quasi
975 2343 1040 2372 972
1065 2333 1240 2374 re[c0rde]
1259 2333 1417 2365 cordetur
1434 2333 1474 2372 Β,

152 2373 237 2403 unde
252 2375 354 2404 eorde
378 2375 592 2405 reccordetur
607 2374 750 2416 Spengel
767 2376 878 2415 [troclz.
895 2380 1068 2417 septenar.)
1192 2387 1256 2417 975
1282 2387 1402 2416 magna
1419 2376 1476 2408 del.

151 2416 282 2458 Rz'tscl1l‚
303 2419 399 2449 metri
411 2429 510 2449 causa
