1727 2712
52 216 97 252 4<

40 864 97 917 ⁷⁵⁵

50 1179 101 1215 60

603 97 919 135 MERCATOR
1415 95 1444 132 I.

225 203 264 242 ui
285 217 439 243 summa
459 212 502 244 ut
523 204 698 255 quidque
720 212 872 255 poterat
892 204 1067 255 rapiebat
1088 205 1263 243 domum.

224 268 443 319 obiurigare
464 276 573 320 pater
593 271 689 307 haec
711 276 848 307 noctes
869 276 906 307 et
927 268 1022 315 dies,

223 333 441 384 perfidiam,
465 333 694 372 iniustitiam
716 335 906 372 lenonum
928 347 1156 384 expromere
1171 348 1182 381 3

224 398 383 436 lacerari
403 398 533 437 ualide
554 411 665 436 suam
687 412 780 445 rem,
803 397 905 436 illius
925 397 1110 448 augerier.

225 477 382 501 summo
403 464 500 501 haec
522 465 693 502 clamore
709 479 719 511 3
748 463 946 502 interdum
968 476 1147 501 mussans
1168 462 1355 514 conloqui
1375 478 1383 502 :

224 528 409 575 abnuere,
433 529 605 580 negitare
625 530 727 568 adeo
748 543 812 567 me
833 536 970 567 natum
991 542 1115 567 suom.

225 594 502 633 conclamitare
523 602 605 633 tota
625 595 722 633 urbe
742 602 780 633 et
800 593 1025 645 praedicere

224 672 363 696 omnes
385 666 562 697 tenerent
584 659 810 698 mutuitanti
831 660 999 698 credere.

224 736 399 761 amorem
422 725 566 763 multos
587 723 716 763 inlexe
736 724 776 762 in
797 723 1051 773 dispendium
1071 738 1078 761 ε

224 787 564 839 intemperantem,
588 803 668 828 non
690 790 926 835 modestum,
951 788 1135 826 iniurium

225 855 389 902 trahere,
410 855 612 893 exhaurire
634 868 697 893 me
718 856 827 904 quod
848 854 998 904 quirem
1019 854 1070 892 ab
1093 867 1133 892 se
1154 855 1276 893 domo
1293 868 1305 902 ;

224 918 375 957 ratione
395 932 579 969 pessuma
598 928 622 958 a
643 934 705 958 me
726 934 772 958 ea
792 933 893 969 quae
914 919 1020 969 ipsus
1042 926 1206 969 optuma

225 983 354 1021 omnis
375 984 528 1023 labores
549 984 766 1023 inuenisset
787 985 985 1035 perferens

222 1049 366 1087 amoris
388 1049 426 1087 ui
447 1049 691 1088 diffunditari
710 1064 756 1088 ac
777 1049 913 1088 didier.

224 1114 450 1152 conuicium
472 1122 529 1153 tot
551 1129 613 1153 me
633 1129 759 1153 annos
781 1114 859 1153 iam
880 1128 921 1152 se
942 1127 1126 1164 pascere3

225 1181 333 1229 quod
356 1179 429 1218 nisi
449 1181 625 1230 puderet,
648 1194 698 1219 ne
718 1181 870 1220 luberet
891 1180 1034 1219 uiuere.

225 1257 310 1283 sese
331 1247 529 1295 extemplo
550 1260 596 1284 ex
617 1245 781 1295 ephebis
802 1254 1014 1296 postquam
1035 1244 1255 1292 excesserit,

225 1324 316 1357 non,
340 1318 382 1348 ut
402 1324 485 1360 ego,
508 1310 632 1349 amori
654 1324 783 1360 neque
804 1310 981 1349 desidiae
1002 1310 1041 1348 in
1063 1309 1145 1348 otio

224 1388 384 1425 operam
405 1374 562 1414 dedisse
584 1389 713 1425 neque
735 1383 972 1425 potestatem
993 1373 1067 1413 sibi

224 1440 342 1479 fuisse
357 1455 367 1488 ;
395 1441 497 1479 adeo
516 1448 597 1479 arte
618 1440 839 1479 cohibitum
860 1455 945 1479 esse
964 1439 1041 1492 (se)
1059 1454 1082 1478 a
1102 1448 1210 1490 patre
1230 1455 1237 1478 :

224 1507 349 1544 multo
369 1519 488 1556 opere
509 1505 703 1544 inmundo
725 1505 869 1544 rustico
890 1519 932 1544 se
952 1505 1164 1544 exercitum

224 1584 353 1621 neque
374 1570 450 1609 nisi
471 1571 610 1621 quinto
631 1585 737 1609 anno
759 1584 919 1621 quoque
940 1570 1100 1609 solitum
1121 1570 1247 1609 uisere

223 1635 361 1674 urbem
381 1643 501 1686 atque
521 1637 719 1686 extemplo
740 1635 845 1683 inde,
869 1643 911 1674 ut
931 1635 1188 1686 spectauisset
1208 1637 1381 1686 peplum,

223 1715 287 1740 rus
307 1714 440 1740 rusum
462 1701 670 1740 confestim
693 1701 792 1752 exigi
813 1701 972 1740 solitum
993 1715 1016 1739 a
1035 1708 1154 1751 patre.

222 1766 277 1805 ibi
298 1768 422 1806 multo
441 1766 612 1818 primum
633 1781 718 1806 sese
738 1766 987 1805 familiarium

159 1882 200 1912 45
225 1871 256 1902 ui
279 1877 388 1903 sumat
409 1873 553 1912 quicque
575 1872 724 1913 (quoque
744 1872 788 1909 B)
811 1877 847 1902 ut
865 1871 945 1910 (om.
970 1871 1061 1911 PCD)
1074 1881 1104 1910 p.
1125 1870 1190 1902 cod.
1210 1882 1216 1902 z
1233 1881 1310 1902 corr.
1331 1871 1446 1903 Came-

117 1916 234 1954 rarius,
256 1916 382 1946 Ritsclzl
499 1926 540 1955 47
565 1916 724 1947 lenonum
741 1916 939 1947 iniustitiam
958 1915 1090 1954 Ritsclzl,
1112 1914 1262 1954 rhythmo
1278 1915 1448 1946 consulens

117 1970 159 1998 49
182 1969 337 1990 mussans
355 1960 458 1990 Pius:
483 1969 596 1990 mussa
611 1959 675 1990 cod.
810 1970 854 1999 50
879 1959 1022 1999 negitari
1039 1958 1104 1990 cod.
1222 1968 1264 1997 52
1289 1959 1448 1990 timerent

116 2001 244 2033 Ritschl
329 2008 423 2034 mutu
441 2004 523 2034 tanti
543 2003 723 2035 (mutuanti
740 2002 785 2043 B>
809 2003 876 2034 cod.
1009 2012 1051 2042 53
1075 2002 1188 2032 inlexe
1213 2001 1446 2034 Camerarius:

117 2045 235 2077 inlexit
262 2046 327 2078 cod.
462 2057 503 2086 55
528 2048 663 2077 exurire
680 2047 744 2078 cod.
853 2048 952 2077 domo
971 2046 1183 2077 Camerarius
1199 2057 1204 2075 ε
1231 2046 1366 2076 domum
1382 2045 1446 2078 cod.

115 2091 158 2128 56
182 2100 373 2129 pessumam
391 2100 409 2120 e
427 2101 533 2130 eaque
551 2090 616 2122 cod.
637 2095 674 2121 ut
687 2090 750 2122 vid.
770 2091 804 2125 (i.
818 2101 841 2122 e.
863 2101 1021 2131 pessuma
1043 2100 1096 2120 me
1119 2100 1158 2119 ea
1179 2090 1278 2128 quae)
1296 2100 1302 2120 :
1327 2100 1346 2119 a
1367 2088 1443 2121 add.

120 2133 243 2173 Ussing
328 2143 368 2173 57
394 2133 537 2173 perferis
559 2134 624 2165 cod.
716 2135 758 2173 58
781 2135 887 2165 moris
903 2133 967 2164 cod.
988 2134 1039 2174 (cf
1060 2138 1225 2163 matorum
1241 2138 1303 2173 pro
1322 2137 1445 2164 amato-

117 2186 190 2207 rum
206 2188 235 2208 v.
259 2178 312 2213 16)
359 2178 575 2208 diffunditare
594 2180 684 2215 (cum
705 2179 837 2214 didere)
859 2178 1055 2208 Gulielmius
1109 2177 1217 2206 didier
1239 2175 1445 2207 Gronovius:

117 2221 256 2250 diedere
273 2221 342 2259 (die
360 2221 459 2251 heret
477 2221 524 2259 Β)
543 2221 607 2252 cod.
745 2231 787 2260 59
811 2222 999 2252 conuicium
1018 2220 1092 2251 Ital.
1109 2232 1116 2251 z
1142 2220 1330 2250 conuiriurn
1349 2221 1444 2260 (con-

118 2263 238 2294 iurium
250 2264 295 2302 B)
308 2264 375 2295 cod.
423 2275 460 2295 se
473 2275 613 2304 pascere
630 2264 746 2295 Donsa
763 2277 770 2295 ε
794 2266 821 2295 si
839 2270 996 2304 pasceret
1009 2263 1074 2295 cod.
1093 2268 1119 2302 gt
1132 2263 1207 2294 add.
1224 2266 1259 2294 ut
1273 2263 1307 2294 in
1324 2273 1374 2294 vv.
1389 2274 1441 2302 42.

118 2308 159 2346 78
184 2311 213 2337 et
235 2308 308 2337 aliis
329 2308 430 2339 huius
458 2308 532 2349 loci)
667 2311 709 2339 60
734 2310 880 2348 puderet
904 2307 1010 2338 Pius:
1042 2307 1175 2337 luderet
1201 2306 1266 2338 cod.
1400 2308 1440 2338 61

117 2351 305 2382 excesseris
328 2351 394 2382 cod.
531 2354 572 2382 62
598 2363 664 2383 non
685 2353 760 2382 Ital.
778 2364 784 2383 z
809 2362 924 2383 nonne
943 2351 1063 2391 (none)
1081 2350 1145 2382 cod.
1163 2362 1170 2381 :
1195 2361 1307 2381 noenu
1319 2352 1360 2390 (ἒ)
1380 2351 1446 2382 Leo

118 2395 202 2425 mori
219 2395 286 2426 cod.
305 2395 356 2435 (cf.
375 2406 404 2427 v.
427 2396 485 2435 58)
575 2397 617 2434 64
635 2406 671 2426 se
689 2395 765 2426 add.
786 2395 997 2426 Camerarius
1085 2395 1128 2424 66
1143 2394 1281 2425 solitum
1298 2394 1443 2425 Ritscm‘:

117 2439 265 2478 positum
279 2438 344 2470 cod.
361 2449 367 2468 :
393 2439 434 2470 ab
446 2449 487 2470 eo
501 2439 601 2469 situm
615 2440 655 2479 (2)
671 2439 735 2469 Leo
810 2438 937 2479 uisere]
954 2442 1006 2469 est
1017 2436 1050 2467 Β
1062 2437 1105 2477 (v.
1124 2438 1154 2478 ι)
1263 2439 1306 2477 69
1330 2448 1367 2469 se
1378 2438 1443 2469 cod.

1466 95 1481 133 i

1466 221 1509 253 45

1466 546 1509 579 50

1468 868 1508 901 55

1465 1190 1509 1222 60
