1727 2702
165 101 210 138 V.
233 100 263 138 ii
654 98 699 136 T.
735 97 915 138 MACCI
947 97 1150 136 PLAVTI

235 211 301 248 PL.
335 210 592 255 Phaedrome,
615 221 791 259 opsecro,
822 221 935 246 serua
963 220 1036 246 me.
1098 208 1171 245 ΡΗ.
1204 214 1404 257 tamquam
1435 219 1499 245 me
1526 212 1566 245 et

1237 270 1395 322 genium
1419 283 1562 309 meum.

174 356 215 387 50
235 339 357 387 miles,
381 353 528 390 quaeso
551 337 605 377 uti
628 337 722 377 mihi
745 337 854 377 dicas
874 338 981 376 unde
1002 336 1111 376 illum
1132 337 1279 376 habeas
1299 337 1473 383 anulum,

235 419 352 456 quem
375 405 564 455 parasitus
586 404 649 443 hic
670 411 708 443 te
729 403 854 443 elusit.
916 405 982 442 PL.
1006 417 1074 454 per
1095 411 1162 442 tua
1179 416 1308 454 genua
1328 409 1366 442 te
1387 415 1552 452 opsecro
1583 404 1670 450 630,

236 478 277 508 ut
298 483 370 509 nos
391 469 509 509 facias
530 469 724 509 certiores.
784 470 864 507 ΤΗ.
895 467 992 519 quid
1013 468 1112 507 istuc
1131 468 1185 515 ad
1204 481 1276 507 uos
1295 466 1464 506 attinet?

236 535 428 587 quaeratis
453 536 702 585 chlamydem
730 542 768 574 et
796 535 1043 573 machaeram
1065 534 1167 573 hanc
1194 533 1301 573 unde
1326 533 1379 572 ad
1399 546 1462 572 me
1486 545 1568 583 per·
1669 558 1675 570 .

1403 597 1564 637 uenerit.
1668 594 1692 662 ἱ

237 667 307 706 Cv.
332 673 373 704 ut
390 665 536 705 fastidit
551 664 767 716 gloriosus!
811 665 890 703 Tu.
914 663 1025 703 mitte
1041 662 1170 711 istum,
1186 676 1260 714 ego
1273 662 1403 703 dicam
1419 664 1565 702 omnia.

177 745 216 777 35
236 733 308 771 Cv.
331 731 427 770 nihil
449 739 507 770 est
527 732 636 781 quod
657 730 720 770 ille
741 730 846 769 dicit.
899 732 966 768 PL.
990 731 1049 768 fac
1071 743 1133 768 me
1153 729 1371 776 certiorem,
1389 741 1565 780 opsecro.
1668 767 1671 781 2

290 797 368 835 ΤΗ.
401 809 474 847 ego
503 795 648 844 dicam,
674 809 797 846 surge.
858 796 960 834 hanc
992 808 1073 834 rem
1106 794 1210 846 agite
1239 802 1359 845 atque
1390 793 1566 832 animum
1587 796 1653 842 635

1359 858 1567 898 aduortite.

1669 681 1691 722 il

1668 743 1672 758 ι

291 935 400 978 pater
422 940 532 965 meus
554 925 691 965 habuit
714 925 939 976 Periplanes
960 905 1246 965 †Planesiuin†

290 992 320 1031 is
341 991 437 1042 priu'
458 1004 575 1042 quam
599 990 761 1029 moritur
782 990 877 1028 mihi
899 990 1009 1030 dedit
1030 998 1230 1040 tamquam
1251 1003 1334 1037 suo,

290 1065 331 1096 ut
351 1069 521 1107 aequom
542 1057 677 1103 fuerat,
701 1055 906 1095 filio—PL.
939 1069 1010 1106 pro
1032 1054 1208 1106 Iuppiter
1227 1057 1234 1092 !

173 1137 216 1169 40
290 1124 369 1160 ΤΗ.
402 1129 440 1160 et
461 1121 556 1160 istae
579 1135 641 1160 me
663 1122 850 1160 heredem
872 1120 974 1160 fecit.
1035 1122 1102 1159 PL.
1133 1119 1194 1172 <ο>
1214 1119 1342 1159 Pietas
1363 1133 1461 1167 mea,

289 1201 401 1226 serua
423 1200 495 1234 me,
519 1187 681 1237 quando
701 1199 774 1237 ego
795 1193 833 1225 te
853 1185 1006 1226 seruaui
1028 1186 1178 1225 sedulo.
1587 1187 1658 1230 640
1679 1199 1682 1202 ⁴

291 1254 406 1291 frater
426 1251 491 1299 mi,
514 1253 631 1291 salue.
691 1253 771 1289 ΤΗ.
804 1251 871 1302 qui
894 1252 1051 1290 credam
1073 1250 1146 1302 ego
1167 1250 1296 1289 istuc?
1323 1251 1436 1296 cedo,

291 1317 321 1356 si
343 1330 436 1356 uera
456 1329 662 1364 memoras,
685 1329 786 1367 quae
808 1316 880 1354 fuit
901 1323 1024 1355 mater
1044 1318 1140 1354 tua?

294 1384 360 1420 PL.
393 1382 596 1422 Cleobula.
656 1382 737 1419 ΤΗ.
770 1380 898 1420 nutrix
920 1393 1020 1431 quae
1041 1380 1142 1419 fuit?
1200 1382 1266 1419 PL.
1300 1381 1560 1419 Archestrata.

175 1459 215 1491 45
290 1461 336 1487 ea
357 1460 420 1486 me
441 1454 660 1497 spectatum
682 1447 822 1484 tulerat
843 1459 911 1496 per
933 1445 1135 1495 Dionysia.
1587 1432 1658 1515 244

290 1520 500 1563 postquam
522 1511 588 1550 illo
610 1518 773 1550 uentum
795 1518 863 1558 est,
888 1510 976 1556 iam,
1000 1518 1041 1548 ut
1062 1523 1125 1549 me
1145 1511 1432 1558 conlocauerat,
1613 1487 1656 1523 4⁵

291 1577 461 1617 exoritur
481 1584 622 1616 uentus
644 1576 771 1623 turbo,
794 1576 991 1626 spectacla
1011 1574 1065 1614 ibi
1086 1582 1213 1623 mont,

291 1656 364 1693 ego
385 1642 619 1693 pertimesco
636 1657 642 1680 :
675 1638 795 1694 [tum]
818 1640 872 1679 ibi
893 1654 956 1680 me
977 1639 1201 1691 nescioquis
1221 1639 1353 1691 arripit

293 1707 472 1746 timidam
492 1715 611 1756 atque
633 1705 834 1756 pauidam,
855 1719 928 1744 nec
949 1705 1081 1744 uiuam
1103 1718 1176 1744 nec
1195 1713 1400 1744 mortuam.

179 1784 219 1816 50
292 1786 365 1811 nec
386 1786 466 1823 quo
487 1786 549 1810 me
570 1779 687 1822 pacto
707 1770 911 1822 apstulerit
931 1784 1092 1821 possum
1114 1770 1254 1810 dicere.
1587 1771 1658 1816 650

291 1839 370 1875 ΤΗ.
404 1836 565 1875 memini
587 1836 711 1874 istanc
733 1836 887 1874 turbam
910 1835 1001 1874 fieri.
1060 1836 1131 1874 sed
1152 1843 1192 1874 tu
1213 1835 1278 1874 dic
1299 1834 1406 1883 mihi,

292 1902 359 1941 ubi
382 1902 412 1941 is
433 1909 490 1941 est
511 1903 633 1941 homo
653 1901 719 1952 qui
743 1909 780 1940 te
801 1900 1029 1951 surrupuit?
1085 1901 1152 1938 PL.
1185 1899 1330 1939 nescio.

293 1981 429 2007 uerum
451 1969 556 2005 hunc
578 1966 730 2005 seruaui
753 1979 908 2017 semper
930 1979 1085 2005 mecum
1107 1978 1185 2004 una
1204 1966 1392 2014 anulum;

292 2047 381 2071 cum
397 2033 472 2070 hoc
487 2031 580 2070 olim
598 2031 703 2082 perii.
740 2033 819 2069 ΤΗ.
843 2031 944 2070 cedo
958 2038 999 2069 ut
1016 2029 1232 2081 inspiciam.
1282 2030 1355 2070 Cv.
1378 2043 1499 2070 sanan
1516 2045 1569 2074 es.

180 2114 218 2145 55
292 2111 393 2148 quae
410 2096 470 2135 isti
489 2097 742 2135 committas?
788 2097 853 2133 ΡΙ..
887 2095 971 2134 sine
992 2096 1124 2134 modo.
1170 2096 1248 2133 ΤΗ.
1282 2108 1352 2145 pro
1371 2094 1569 2145 Iuppiter!
1588 2102 1654 2147 655

282 2203 346 2233 628
372 2201 446 2242 Pe]
465 2201 513 2233 vel
529 2201 590 2232 Cv.
698 2201 765 2240 629
788 2198 868 2242 (te)
882 2205 915 2230 ut
936 2200 987 2238 (ut
1004 2199 1087 2239 cod.)
1107 2199 1224 2230 Becker
1333 2199 1397 2238 634
1420 2196 1500 2242 (te)
1515 2199 1572 2229 ob-

240 2256 337 2276 secro
357 2245 465 2284 Bothe,
485 2245 536 2275 (ιη’
550 2244 659 2274 hiatus
677 2248 753 2274 ante
769 2244 910 2273 obsecro
933 2242 1072 2283 dr'splstet
1172 2244 1238 2283 636
1262 2241 1472 2282 Periphanes
1490 2242 1573 2273 Pius

243 2289 297 2320 Pr..
327 2289 404 2319 hcm
424 2288 634 2327 Periphanes
651 2286 824 2317 Acr'daln'us
841 2287 942 2326 :sort
963 2286 1192 2325 uirgunculam
1212 2286 1257 2325 (v.
1282 2295 1312 2316 ri
1425 2287 1490 2325 639
1507 2285 1571 2316 iste

243 2333 278 2369 (ι’.
290 2343 313 2363 e.
335 2343 389 2362 —ae
405 2333 429 2369 ἲ)
449 2331 514 2362 cod.
533 2343 539 2363 :
567 2331 621 2362 isti
639 2330 759 2361 Bothe:
787 2330 850 2360 isto
868 2329 932 2359 Leo
1018 2339 1038 2359 o
1054 2328 1131 2360 add.
1148 2329 1234 2369 Ital„
1255 2339 1337 2359 nam
1364 2328 1478 2360 Pietas
1495 2331 1570 2360 mea'

241 2380 424 2416 suspectum
537 2376 597 2413 641
625 2375 680 2413 qui
698 2384 762 2411 ego
780 2373 864 2404 istuc
881 2373 1012 2403 credam
1040 2372 1208 2403 Fleckeisen
1327 2373 1392 2411 648
1417 2377 1484 2402 tum
1511 2372 1567 2403 del.

242 2419 463 2459 Kumpmann
560 2419 620 2456 651
650 2417 856 2447 meministin
878 2417 965 2447 lianc
981 2415 1046 2447 cod.
1148 2417 1211 2455 654
1237 2415 1317 2457 CV.]
1334 2415 1384 2447 vel
1398 2415 1462 2447 ΡΗ.
