1727 2712
614 99 970 137 MENAECHMI
1427 101 1458 138 Ι,
1480 100 1525 139 iii

128 211 244 248 MEN.
276 209 367 249 iube
388 209 503 261 igitur
523 209 637 248 tribu’
658 209 773 248 nobis
793 210 901 259 apud
921 217 959 248 te
979 209 1189 259 prandium
1211 209 1426 249 accurarier
1483 229 1519 260 25

123 282 242 325 atque
262 274 411 325 aliquid
432 274 754 313 scitamemorum
776 275 827 313 de
847 275 932 312 foro
952 274 1190 324 opsonarier,

37 354 107 380 210
124 339 421 390 glandionidam
444 340 609 386 suillam,
633 339 798 377 laridum
821 339 1093 389 pernonidam‚

124 411 192 442 aut
212 404 528 454 sincipitamenta
549 404 710 454 porcina
729 411 797 442 aut
816 403 966 454 aliquid
986 405 1037 442 ad
1059 418 1149 443 eum
1171 406 1348 453 modum,

125 469 285 507 madida
306 483 406 519 quae
428 472 480 507 mi
501 468 682 519 adposita
702 468 742 507 in
764 482 941 507 mensam
963 469 1167 507 miluinam
1189 477 1421 520 suggerant3

123 542 242 584 atque
275 541 464 572 actutum.
544 536 617 572 ER.
650 533 740 572 licet
775 541 937 572 ecastor.
999 536 1113 572 ΜΕΝ.
1146 548 1218 573 nos
1253 535 1457 585 prodimus
1477 550 1520 581 30

1243 601 1294 638 ad
1316 601 1454 639 forum.

122 665 200 704 iam
222 664 286 703 hie
306 677 378 703 nos
399 664 543 702 erimus
561 680 567 702 :
598 666 693 702 dum
716 671 918 714 coquetur,
942 663 1097 702 interim
1118 664 1356 714 potabimus.

35 741 100 778 215
124 731 198 768 ER.
231 731 392 780 quando
409 729 468 767 uis
489 729 590 776 ueni,
611 737 744 779 parata
760 743 819 767 res
840 729 921 767 erit.
987 731 1102 767 MEN.
1136 743 1301 780 propera
1322 731 1453 769 modo.

122 808 285 845 sequere
301 797 482 833 tii—PE.
507 808 580 845 ego
601 796 731 834 hercle
752 808 846 833 uero
867 802 904 833 te
925 802 963 834 et
984 795 1152 834 seruabo
1172 803 1210 833 et
1231 803 1268 834 te
1289 809 1442 846 sequar,

121 873 251 910 neque
270 859 390 898 hodie
411 867 454 897 ut
475 867 512 897 te
534 861 695 910 perdam
718 873 889 898 meream
911 861 1076 898 deorum
1099 860 1255 898 diuitias
1277 860 1441 898 mihi.—

122 926 195 963 ER.
228 932 392 962 euocate
413 923 517 961 intus
540 923 775 963 Culindrum
798 923 893 961 mihi
914 937 1087 974 coquom
1108 932 1285 963 actutum
1307 926 1418 964 foras.
1474 939 1510 970 35

436 1036 697 1073 EROTIVM
809 1035 1142 1074 CvLiNDRvs
1471 1037 1518 1074 iv

121 1119 195 1155 ER.
229 1118 452 1168 Sportulam
476 1130 573 1168 cape
602 1124 721 1167 atque
750 1125 966 1167 argentum.
1022 1119 1137 1156 e'ccos
1168 1118 1234 1156 tris
1265 1131 1451 1157 nummos

1315 1183 1449 1221 habes.

31 1263 99 1288 220
118 1248 189 1286 Cv.
222 1248 361 1286 habeo.
444 1249 516 1285 ER.
557 1246 622 1285 abi
651 1254 770 1297 atque
799 1246 1010 1297 opsonium
1040 1249 1150 1286 adfer
1167 1263 1177 1295 ,-
1215 1248 1329 1286 tribu'
1359 1248 1453 1288 uide

1134 1314 1242 1362 quod
1264 1313 1311 1351 sit
1333 1313 1450 1353 satis:

116 1391 246 1428 neque
266 1379 385 1416 defiat
407 1391 536 1428 neque
564 1378 740 1427 supersit.
801 1378 871 1417 Cv.
905 1377 1160 1427 quoiusmodi
1181 1378 1244 1416 hic
1266 1379 1447 1417 homines

1307 1446 1449 1482 erunt?

117 1510 191 1547 ER.
224 1522 297 1558 ego
327 1517 364 1547 et
397 1510 685 1547 Menaechmus
716 1515 754 1546 et
785 1507 976 1558 parasitus
1006 1507 1114 1546 eiius.
1175 1509 1246 1547 Cr.
1280 1508 1356 1546 iam
1384 1509 1445 1547 isti

1171 1581 1260 1611 sunt
1281 1575 1419 1612 decem
1436 1590 1445 1621 3

113 1653 203 1678 narn
225 1639 415 1690 parasitus
436 1648 528 1678 octo
553 1639 557 1690 1
584 1639 791 1678 hominum
814 1653 957 1677 munus
973 1639 1086 1678 facile
1107 1639 1288 1690 fungitur.
1467 1653 1483 1683 5

114 1706 188 1743 ER.
220 1707 375 1743 elocuta
395 1718 481 1742 sum
503 1704 706 1751 conuiuas,
727 1712 901 1743 ceterum
922 1717 1024 1743 cura.
1085 1705 1155 1743 Cv.
1188 1704 1289 1742 licet.

25 1782 90 1820 225
112 1778 224 1808 cocta
254 1777 354 1817 sunt,
388 1769 479 1808 iube
509 1769 563 1807 ire
592 1769 830 1808 accubitum.
892 1771 966 1808 ER.
1000 1769 1081 1807 redi
1112 1769 1200 1807 cito.
1262 1770 1334 1808 (ΞΥ.
1366 1769 1443 1807 iam

1131 1847 1204 1884 ego
1224 1833 1288 1871 hic
1309 1847 1442 1872 ero.—

154 1949 218 1969 210
244 1938 333 1979 [aut]
353 1938 574 1977 pernonidam
592 1938 626 1967 A
740 1948 802 1968 212
826 1948 1003 1977 suggeram
1024 1938 1055 1968 A
1172 1947 1246 1975 214.
1260 1938 1441 1976 quoquitur

111 1982 143 2014 P
156 1983 270 2022 etsort.
290 1982 321 2011 A
444 1983 507 2011 216
532 1988 566 2012 tu
584 1981 681 2023 (me)
698 1980 886 2012 Lambinus
985 1987 1017 2012 et
1030 1985 1147 2022 poster.
1172 1992 1237 2012 om.
1257 1981 1302 2020 A,
1323 1985 1358 2011 ut
1372 1981 1435 2012 vid.

110 2027 174 2055 218
198 2035 366 2065 quoquom
384 2025 444 2056 A‘e
468 2036 641 2064 quoquum
657 2024 691 2054 P
778 2035 841 2064 219
859 2026 942 2056 treis
959 2026 991 2055 A
1084 2036 1142 2056 221
1171 2025 1220 2055 vel
1233 2024 1267 2054 hi
1284 2025 1333 2054 vel
1348 2025 1439 2055 hisce

110 2079 173 2108 223
196 2079 319 2099 munus
347 2068 387 2106 P,
417 2068 503 2099 codd.
534 2068 639 2099 Nonii
667 2079 753 2107 497:
788 2079 877 2099 nunc
903 2070 960 2099 A:
996 2068 1126 2111 (unus)
1153 2078 1276 2099 munus
1303 2067 1437 2098 Mueller

112 2112 240 2149 (Rhein.
266 2111 354 2143 Mus.
376 2121 430 2151 54,
447 2113 542 2152 391):
567 2122 655 2142 nunc
674 2122 796 2142 munus
813 2113 872 2142 alii
966 2123 1029 2153 224
1055 2114 1165 2143 curari
1191 2112 1223 2141 A
1252 2113 1348 2152 (ipro
1360 2121 1438 2143 cura

107 2155 187 2197 (ΞΥ.)
264 2156 345 2187 ticet
363 2155 395 2186 P
409 2157 503 2196 (corr.
523 2155 580 2195 232(
604 2155 646 2197 (T
656 2160 720 2196 pro
738 2155 782 2193 L3
807 2157 849 2187 vi.
871 2156 903 2196 1)
