1727 2702
166 91 227 131 I.i
624 93 670 130 T.
706 89 883 130 MAcCI
918 89 1118 128 PLAVTI

1679 178 1682 188 -
1664 0 1686 174 *Qu-„fl

153 221 193 253 45
217 205 284 242 LE.
317 213 467 244 ecastor
489 206 565 243 hau
589 218 651 243 me
672 203 856 255 paenitet,
880 202 910 241 si
932 211 974 242 ut
994 202 1094 242 dicis
1114 202 1166 241 ita
1187 204 1313 241 futura
1332 216 1384 242 es.

213 283 303 308 nam
324 270 354 308 si
376 270 537 321 quidem
559 270 612 309 ita
631 270 704 309 eris
725 277 767 308 ut
788 271 894 317 uolo,
914 281 1130 319 numquam
1152 269 1226 306 hac
1245 275 1372 307 aetate
1391 269 1461 307 fies

211 348 443 385 semperque
465 335 577 374 istam
599 348 718 385 quam
740 348 845 373 nunc
867 334 990 373 habes
1010 334 1220 372 aetatulam
1242 333 1450 383 optinebis,

212 400 422 451 multisque
447 401 595 439 damno
616 407 653 439 et
676 399 769 438 mihi
791 401 900 438 lucro
920 399 1004 437 sine
1027 412 1115 437 meo
1140 411 1256 448 saepe
1280 397 1344 436 eri’
1364 405 1534 448 sumptu.
1557 411 1602 447 50
1668 383 1685 451 ‘1

211 467 285 503 Gr.
322 465 361 504 di
396 465 539 504 faxint!
591 467 660 503 LE.
696 464 780 503 sine
814 477 933 515 opera
964 471 1031 501 tua
1065 462 1105 502 di
1141 463 1290 502 horunc
1324 463 1377 501 nil
1412 464 1537 502 facere
1679 463 1681 473 '

1359 535 1534 579 possunt.

151 611 193 643 50
212 597 286 634 (ἓν.
318 595 503 646 equidem
533 596 663 634 hercle
693 595 839 634 addam
873 607 1033 644 operam
1067 594 1230 640 sedulo;
1269 594 1337 632 sed
1368 601 1409 631 tu
1437 592 1538 632 inter

1265 657 1383 697 istaec
1403 658 1534 705 uerba,

210 739 320 764 meus
340 727 489 773 oculus,
514 739 602 764 mea
621 724 1111 773 Selenium,—numquam
1131 735 1205 773 ego
1226 729 1264 761 te
1283 722 1490 761 tristiorem

208 791 290 830 uidi
311 805 406 830 esse.
464 790 573 841 quid,
595 791 708 836 cedo,
731 797 768 828 te
789 802 964 839 opsecr0‚
988 795 1067 826 tam
1087 788 1270 826 abhorret
1290 787 1530 827 hilaritudo?

208 870 338 907 neque
359 857 507 894 munda
526 856 705 904 adaeque
725 868 778 901 es,
801 862 843 892 ut
863 855 965 892 soles
986 853 1080 903 (hoc
1100 852 1152 891 sis
1172 852 1276 900 uide,
1298 860 1340 891 ut
1360 852 1498 902 petiuit
1555 861 1597 898 55

208 922 434 972 suspiritum
454 922 549 972 alte)
570 929 608 960 et
629 920 774 972 pallida
794 934 846 959 es.
905 921 1090 970 eloquere
1110 926 1320 969 utrumque
1339 918 1466 966 nobis,

148 1002 188 1034 55
208 994 246 1026 et
280 987 376 1038 quid
415 986 485 1025 tibi
529 994 587 1025 est
621 993 659 1025 et
697 984 793 1036 quid
837 983 934 1023 uelis
968 990 1142 1022 nostram
1176 995 1348 1033 operam,
1384 990 1426 1021 ut
1464 996 1536 1022 nos

1353 1048 1533 1087 sciamus.

207 1116 302 1163 noli,
323 1130 497 1168 opsecro,
521 1116 704 1156 lacrumis
726 1115 802 1154 tuis
823 1114 876 1152 mi
897 1113 1110 1153 exercitum
1131 1112 1331 1164 imperare.

259 1184 348 1221 SEL.
377 1183 518 1221 misera
545 1181 756 1227 excrucior,
784 1194 872 1219 mea
899 1178 1183 1229 Gymnasium:
1219 1180 1319 1217 male
1344 1178 1439 1217 mihi
1463 1186 1533 1226 est,

1215 1245 1314 1283 male
1336 1257 1510 1282 maceror
1525 1258 1535 1291 ;

258 1313 377 1351 doleo
396 1313 447 1351 ab
467 1312 612 1358 animo,
634 1313 752 1350 doleo
771 1311 823 1349 ab
843 1309 979 1356 oculis,
1000 1310 1120 1348 doleo
1138 1309 1190 1347 ab
1209 1308 1463 1359 aegritudine.
1551 1314 1598 1349 60

262 1377 358 1428 quid
378 1377 521 1424 (licam,
544 1376 618 1415 nisi
639 1375 803 1415 stultitia
823 1389 912 1414 mea
932 1389 995 1413 me
1016 1374 1055 1412 in
1076 1387 1293 1412 maerorem
1314 1374 1426 1424 rapi?

147 1450 190 1482 60
263 1444 336 1481 Gv.
367 1441 544 1481 indidem
569 1443 677 1480 unde
703 1440 824 1479 oritur
850 1439 970 1478 facito
990 1447 1032 1478 ut
1055 1439 1174 1478 facias
1198 1438 1400 1477 stultitiam
1427 1452 1534 1489 sepe-

1371 1503 1531 1542 libilem.

259 1575 350 1612 SEL.
382 1572 478 1622 quid
510 1571 680 1610 faciam?
736 1572 810 1609 ΟΥ.
843 1569 883 1607 in
917 1569 1085 1607 latebras
1123 1569 1345 1619 apscondas
1374 1575 1533 1618 pectore

1261 1632 1529 1682 penitissumo.

258 1710 364 1741 tuam
386 1701 588 1740 stultitiam
610 1703 694 1739 sola
714 1700 832 1738 facito
851 1707 894 1737 ut
915 1699 1014 1737 scias
1034 1698 1118 1737 sine
1137 1697 1222 1736 aliis
1241 1697 1405 1736 arbitris.

257 1770 347 1807 SEL.
374 1775 413 1806 at
439 1767 534 1805 mihi
554 1765 774 1807 cordolium
801 1773 870 1804 est.
931 1767 1004 1801 Gr.
1029 1763 1156 1813 quid?
1189 1763 1228 1801 id
1250 1764 1356 1801 uude
1382 1771 1440 1801 est
1461 1762 1531 1802 tibi
1551 1765 1594 1809 65

930 1830 1026 1867 cor?
1055 1841 1323 1866 commemora
1343 1841 1508 1877 opsecro
1524 1842 1534 1875 3

258 1899 367 1948 quod
393 1910 521 1947 neque
545 1910 618 1945 ego
646 1896 774 1934 habeo
801 1908 932 1944 neque
960 1893 1169 1943 quisquam
1200 1892 1277 1930 alia
1306 1892 1453 1939 mulier,
1490 1901 1531 1930 ut

1220 1959 1427 2009 perhibent
1447 1959 1529 1998 uiri.

248 2070 290 2107 48
314 2069 375 2099 hac
400 2074 510 2099 aetate
534 2067 692 2108 Sqiffiwt:
726 2069 865 2098 haecate
890 2065 955 2097 cod.
981 2066 1014 2104 μ’.
1037 2076 1060 2096 e.
1089 2065 1172 2096 haec
1192 2075 1211 2095 a
1237 2069 1281 2102 te,
1294 2064 1438 2103 sonasse
1461 2067 1535 2094 recle

206 2113 300 2151 hacc,
320 2113 377 2143 121¹.
399 2116 562 2151 tanquam
584 2123 650 2151 rgo,
669 2122 686 2141 a
706 2117 751 2142 tc„
770 2123 776 2142 :
803 2110 933 2141 Hecala
953 2114 1065 2140 aetate
1081 2107 1206 2140 Schoell
1326 2117 1363 2146 51
1393 2106 1474 2137 nihil
1498 2108 1531 2138 di

206 2156 334 2186 horunc
349 2155 398 2186 PE
532 2166 573 2194 52
598 2155 906 2194 hercl(-sn-cswctum
937 2152 973 2192 cs.
996 2152 1118 2183 Gellius
1138 2152 1236 2190 11,6N
1254 2162 1261 2182 :
1286 2151 1315 2180 ci
1335 2151 1382 2181 rei
1396 2150 1532 2181 Rcdslob

207 2199 309 2237 interl
329 2199 424 2229 auser
447 2199 571 2239 Ussing
702 2208 741 2237 57
768 2197 853 2228 uelis
869 2196 943 2227 Ital.
961 2208 966 2227 :
993 2195 1074 2226 uelit
1090 2194 1155 2226 cod.
1293 2204 1335 2233 59
1361 2193 1432 2224 Mis.
1454 2203 1528 2224 exc.

207 2241 342 2272 Murllvr
362 2241 489 2282 lem'n.
509 2241 597 2273 Mus.
621 2252 671 2281 54.
691 2243 765 2280 387*
787 2252 793 2270 :
821 2240 896 2270 Mea
918 2249 990 2269 exc.
1010 2238 1074 2269 cod.
1105 2238 1174 2269 (vii.
1189 2240 1223 2277 53
1244 2249 1250 2267 :
1277 2237 1354 2268 Med
1373 2237 1531 2267 excrucio

208 2285 271 2315 Lco
402 2287 438 2316 61
469 2285 657 2326 1nea(mct>
684 2295 735 2314 me
762 2283 898 2313 Mueller
920 2281 1053 2321 (ther'n.
1082 2280 1169 2312 Mus.
1201 2291 1251 2320 54.
1279 2282 1357 2320 387l
1459 2280 1530 2320 rapi

207 2329 400 2360 Gulielmius
418 2342 423 2360 :
465 2329 549 2368 rapit
583 2329 649 2359 cod.
786 2329 829 2366 63
863 2326 986 2357 condas
1023 2325 1149 2365 pectori
1184 2323 1250 2355 cod.
1293 2324 1434 2355 Charisii
1474 2333 1532 2363 190

203 2374 246 2412 65
271 2383 328 2403 cor
343 2373 493 2411 Bcnllaey:
520 2371 701 2403 cordolium
719 2370 782 2401 cod.
