1727 2712
677 102 886 140 CASINA

30 227 94 264 775
116 216 266 254 illarum
289 223 400 253 oratu
422 216 569 253 faciunt
587 230 596 262 3
624 215 712 254 illae
732 222 864 253 autern
885 228 1021 253 senem

116 280 280 331 cupiunt
301 282 505 319 extrudere
527 280 753 319 incenatum
775 293 821 319 ex
840 279 1018 326 aedibus,

116 352 159 383 ut
178 344 286 395 ipsae
306 348 412 384 solae
433 346 579 384 uentris
601 346 828 384 distendant
849 359 951 384 suos.

116 409 211 448 noui
231 423 305 460 ego
325 409 409 448 illas
430 410 683 449 ambestrices
701 425 708 448 :
738 410 929 448 corbitam
950 409 1029 448 cibi

116 487 294 512 comesse
315 483 490 524 possunt.
551 476 621 513 sed
641 474 812 525 aperitur
831 474 986 513 ostium.

375 624 703 661 LvSIDAMVS
815 624 1176 660 PARDALlsCA

30 708 98 751 780
117 704 186 742 Lv.
220 703 260 742 Si
281 703 425 754 sapitis,
450 718 556 751 uxor,
580 717 652 742 uos
672 712 804 742 tamen
826 703 1028 751 cenabitis,

116 781 215 806 cena
235 768 302 807 ubi
323 768 393 806 erit
414 776 528 807 cocta
542 784 551 816 ς
581 768 653 819 ego
674 768 750 806 ruri
771 782 975 806 cenauero.

117 846 209 871 nam
230 846 379 871 nouom
402 833 583 872 maritum
611 832 614 885 Ι
642 841 679 872 et
700 847 845 872 nouam
867 841 1031 883 nuptam
1053 835 1147 872 uolo

116 911 181 936 rus
201 898 396 948 prosequi,
420 898 514 937 noui
536 898 743 937 hominum
764 912 892 937 mores
914 899 1128 945 maleficos,

117 976 167 1001 ne
188 963 275 1013 quis
297 977 382 1001 eam
403 964 580 1013 abripiat.
640 963 755 1002 facite
776 972 910 1002 uostro
930 963 1064 1002 animo
1086 965 1218 1014 uolup.

30 1031 96 1076 785
117 1029 187 1066 sed
207 1036 413 1079 properate
435 1028 552 1066 istum
572 1036 691 1079 atque
711 1028 825 1066 istam
846 1036 1023 1066 actutum
1045 1036 1233 1076 emittere,

117 1094 279 1131 tandem
301 1101 343 1131 ut
365 1093 571 1132 ueniamus
592 1093 668 1131 luci
687 1108 696 1141 3
726 1106 799 1143 ego
820 1106 903 1131 cras
924 1093 988 1131 hic
1009 1107 1085 1131 ero.

117 1171 201 1196 cras
222 1157 408 1204 habuero,
432 1171 538 1204 uxor,
562 1171 636 1207 ego
657 1165 788 1196 tamen
810 1157 1052 1196 conuiuium.

119 1224 187 1260 ΡΑ.
220 1223 262 1261 fit
283 1224 392 1273 quod
414 1224 587 1262 futurum
609 1222 711 1262 dixi:
743 1223 968 1261 incenatum
991 1236 1125 1262 senem

118 1288 220 1325 foras
240 1289 452 1326 extrudunt
474 1287 665 1326 mulieres.
728 1289 797 1326 Lv.
831 1287 926 1338 quid
947 1296 988 1326 tu
1010 1288 1073 1326 hic
1094 1301 1174 1338 ag13
1192 1295 1207 1326 r·

1373 101 1441 140 IV.
1463 100 1479 137 i

1470 419 1510 442 20

1464 619 1493 655 ii

1475 1305 1511 1327 10

31 1365 99 1400 790
119 1354 186 1391 ΡΑ.
221 1366 294 1404 ego
315 1366 363 1392 eo
383 1366 463 1403 quo
484 1366 548 1392 me
568 1353 652 1403 ipsa
672 1352 787 1391 misit.
850 1354 917 1392 Lv.
951 1355 1102 1391 ueron?
1160 1356 1228 1392 ΡΑ.
1261 1354 1372 1392 serio.

118 1420 187 1457 Lv.
212 1418 307 1469 quid
324 1418 387 1457 hic
404 1419 635 1469 speculare?
675 1419 742 1456 ΡΑ.
768 1418 821 1456 nil
837 1418 1022 1468 equidem
1040 1419 1231 1469 speculor.
1275 1420 1343 1457 ΙΝ.
1367 1419 1449 1458 abi:

116 1491 158 1521 tu
179 1483 243 1522 hic
264 1491 437 1531 cunctas,
461 1483 566 1522 intus
586 1483 651 1522 alii
672 1483 867 1522 festinant.
929 1485 996 1522 ΡΑ.
1030 1496 1145 1522 eof-

118 1550 187 1587 Lv.
219 1549 285 1588 abi
306 1549 398 1589 hinc
419 1549 470 1588 sis
490 1562 593 1600 ergo,
616 1562 887 1600 pessumarum
909 1562 1103 1599 pessuma.

117 1614 248 1653 iamne
267 1613 363 1653 abiit
384 1614 524 1653 illaec?
553 1614 684 1653 dicere
704 1614 768 1652 hic
789 1613 947 1664 quiduis
968 1613 1068 1652 licet.

32 1688 95 1726 795
118 1679 185 1729 qui
205 1687 322 1726 amat,
344 1687 477 1718 tamen
498 1680 640 1726 hercle,
664 1679 695 1717 si
716 1679 866 1726 essurit,
889 1680 1041 1717 nullum
1062 1678 1211 1717 essurit.

118 1745 188 1782 sed
209 1747 346 1782 eccum
368 1744 613 1794 progreditur
633 1757 723 1782 cum
746 1757 892 1782 corona
912 1752 949 1782 et
970 1745 1153 1794 lampade

118 1810 220 1846 meu'
240 1808 379 1856 socius,
403 1822 574 1859 compar,
598 1809 851 1847 commaritus
872 1809 1020 1847 uilicus.

432 1948 695 1985 OLvMpm
806 1949 1132 1985 Lvsioixmvs

1473 1626 1510 1658 15

1467 1950 1511 1987 iii

118 2028 191 2068 OL.
233 2030 318 2078 Age
347 2028 505 2076 tibicen,
535 2031 630 2068 dum
664 2029 769 2068 illam
797 2031 972 2069 educunt
1000 2031 1077 2067 huc
1107 2042 1251 2068 nouam
1283 2037 1444 2080 nuptam

1332 2095 1445 2140 foras,

160 2199 223 2237 776
247 2198 400 2229 incenam
415 2199 495 2239 (-em
509 2197 551 2228 B·
572 2202 609 2228 ut
619 2198 698 2233 vid.)
714 2198 747 2229 Ρ
836 2200 897 2238 778
921 2199 1139 2230 ambestrices
1152 2198 1305 2230 mem:
1331 2198 1445 2228 ambas

116 2242 258 2271 estrices
282 2241 371 2273 codd.
463 2242 628 2272 corbitant
652 2242 711 2272 tibi
729 2242 762 2273 Ρ
903 2253 964 2282 779
989 2253 1102 2273 comes
1127 2253 1202 2272 esse
1219 2242 1252 2271 P
1383 2242 1444 2280 782

114 2285 170 2314 vix
184 2282 281 2326 (me)
297 2290 331 2317 et
456 2286 517 2324 785
544 2286 677 2316 mittere
697 2286 729 2315 A
838 2287 901 2326 786
925 2286 1026 2329 (rus)
1050 2287 1114 2316 luci
1142 2285 1280 2316 [Mueller
1382 2295 1443 2326 792

116 2328 169 2359 hic
185 2327 373 2359 An‘dalius:
400 2329 477 2360 hinc
495 2328 536 2367 P,
554 2329 585 2359 Α
606 2341 636 2361 n.
659 2330 677 2361 l.
816 2341 874 2371 797
902 2340 1042 2360 socerus
1058 2329 1091 2361 P
