1727 2702
154 96 202 132 v.
223 96 269 132 iv
650 96 695 133 T.
731 96 911 136 MACCI
944 92 1149 134 PLAVTI
1717 117 1723 149 2

225 209 289 246 SE.
324 221 465 258 magna
485 221 575 246 curn
598 221 691 246 cura
710 221 784 259 ego
804 208 914 247 illum
935 207 1059 246 curari
1081 209 1184 246 uolo.
1573 210 1640 258 895
1699 182 1727 274 ff}

226 274 340 311 Ml-JD.
373 273 468 323 quin
490 273 695 323 suspirabo
716 275 804 323 plus
825 276 1055 314 †sescenta†
1074 272 1114 311 in
1134 272 1220 313 dies
1237 287 1247 312 ε
1717 285 1720 293 ·

225 337 278 376 ira
299 351 373 388 ego
394 337 485 376 eum
506 352 597 376 cum
618 351 711 376 cura
732 351 875 388 magna
896 338 1043 377 curabo
1064 338 1147 377 tibi.

166 420 204 442 10
226 405 290 442 SE.
341 411 461 453 atque
504 417 643 442 eccum
684 403 814 454 ipsum
853 403 1068 443 hominem.
1140 404 1396 454 opseruemus
1435 415 1554 453 quam

1354 481 1434 506 rem
1453 474 1552 517 agat.

174 636 204 662 v
317 624 718 662 MENAECHMVS
758 625 776 662 I
890 625 1076 662 SENEX
1190 625 1448 660 ME1›1cvs

223 723 338 760 ΜΕΝ.
383 724 537 773 Edepol
578 737 635 773 ne¹
659 723 723 761 hic
757 723 843 762 dies
879 736 1089 774 peruorsus
1120 730 1240 772 atque
1273 723 1466 760 aduorsus
1500 721 1552 760 mi

1402 785 1550 836 optigit.

221 866 324 903 quae
346 866 408 891 me
429 854 530 891 clam
552 861 656 891 ratus
677 866 764 891 sum
786 854 924 900 facere,
949 851 1083 892 omnia
1103 865 1149 891 ea
1169 851 1260 890 fecit
1280 852 1410 902 palam
1571 858 1641 893 900

221 918 412 969 parasitus
433 918 500 968 qui
524 932 586 957 me
607 918 824 969 compleuit
845 918 965 969 flagiti
986 925 1025 957 et
1045 917 1278 963 formidinis,

222 997 332 1022 meus
354 983 498 1030 Vlixes,
522 996 594 1021 suo
615 983 682 1034 qui
703 983 783 1034 regi
804 991 958 1022 tantum
980 982 1154 1022 conciuit
1175 981 1277 1020 mali.

183 1063 200 1094 5
221 1047 339 1098 que'rn
361 1062 434 1099 ego
455 1048 672 1096 hominem,
695 1048 727 1087 si
747 1048 911 1099 quidem
932 1048 1038 1095 uiuo,
1062 1048 1142 1087 uita
1163 1049 1346 1086 euoluam
1368 1061 1491 1087 sua—-

220 1115 290 1152 sed
311 1127 385 1164 ego
406 1115 547 1152 stultus
568 1127 667 1161 sum,
691 1113 757 1164 qui
779 1113 882 1152 illius
902 1127 988 1152 esse
1009 1112 1102 1152 dico
1122 1126 1223 1163 quae
1244 1120 1390 1152 meast:

220 1192 310 1217 meo
332 1178 422 1217 cibo
443 1186 481 1217 et
502 1187 663 1229 sumptu
684 1179 903 1217 educatust.
962 1178 1095 1216 anima
1118 1177 1284 1228 priuabo
1304 1177 1442 1216 uirum.
1571 1188 1636 1227 905

220 1243 418 1294 condigne
439 1251 571 1287 autem
594 1245 692 1282 haec
714 1243 894 1282 meretrix
915 1243 1017 1291 fecit,
1041 1251 1083 1282 ut
1104 1257 1190 1282 mos
1210 1250 1269 1282 est
1290 1243 1554 1283 meretricius:

221 1309 313 1359 quia
334 1323 428 1359 rogo
448 1311 552 1359 palla
572 1317 614 1348 ut
635 1311 820 1348 referatur
840 1323 975 1348 rusum
995 1309 1047 1348 ad
1068 1322 1229 1348 uxorem
1251 1322 1391 1358 meam,

165 1386 202 1409 ιο
222 1374 317 1413 mihi
339 1388 380 1413 se
400 1375 454 1413 ait
475 1375 643 1414 dedisse.
703 1388 752 1413 eu
772 1376 916 1426 edepol
936 1378 942 1413 1
991 1374 1041 1413 ne
1062 1388 1135 1425 ego
1155 1376 1278 1414 homo
1298 1374 1392 1414 uiuo
1413 1374 1539 1414 miser.

221 1442 285 1480 SE.
321 1440 443 1479 audin
483 1454 585 1491 quae
624 1439 826 1491 loquitur?
884 1441 998 1478 MED.
1040 1453 1082 1478 se
1116 1439 1299 1478 miserum
1340 1440 1548 1490 praedicat.

1183 1506 1246 1544 SE.
1278 1506 1398 1544 adeas
1419 1505 1548 1544 uelim.
1688 1494 1694 1535 j

222 1573 335 1610 MED.
368 1573 498 1610 saluos
531 1570 594 1619 sis,
630 1571 906 1610 Menaechme.
981 1584 1140 1621 quaeso,
1177 1583 1250 1621 qur
1283 1578 1436 1621 apertas
1471 1571 1553 1609 bra-
1570 1578 1638 1614 910

1363 1635 1553 1674 echium?

1690 1185 1698 1449 *⁴⁴2—--——-—
1693 993 1698 1148 -ὴ-ΔΑ,

221 1717 300 1742 non
323 1710 363 1741 tu
385 1702 460 1741 scis
481 1710 673 1752 quantum
697 1702 758 1741 isti
781 1703 922 1742 morbo
943 1716 1049 1741 nunc
1071 1709 1139 1741 tuo
1161 1701 1279 1740 facias
1300 1701 1424 1740 mali?

222 1771 337 1807 ΜΕΝ.
379 1769 474 1819 quin
506 1777 546 1807 tu
577 1777 614 1808 te
645 1769 884 1819 suspendis?
954 1770 1018 1807 SE.
1051 1767 1195 1818 ecquid
1225 1767 1378 1806 sentis?
1436 1768 1549 1805 MED.

1196 1832 1335 1883 quidni
1356 1831 1553 1872 sentiam?

165 1913 201 1945 15
221 1913 299 1938 non
323 1908 452 1950 potest
474 1901 570 1938 haec
591 1914 651 1938 res
672 1899 832 1938 ellebori
855 1899 1014 1950 iungere
1035 1898 1255 1950 optinerier.

220 1966 290 2004 sed
323 1965 420 2015 quid
455 1965 524 2012 ais,
563 1966 857 2003 Menaechme?
916 1966 1030 2003 ΜΕΝ.
1064 1964 1160 2015 quid
1195 1963 1283 2003 uis?
1341 1965 1454 2002 MED.
1486 1962 1551 2003 dic

1031 2029 1126 2067 mihi
1147 2030 1223 2068 hoc
1243 2030 1353 2079 quod
1374 2036 1412 2068 te
1432 2041 1550 2079 rogo:

261 2136 326 2175 896
349 2140 526 2166 sescentos
561 2133 771 2164 Camerarius
860 2133 914 2163 die
944 2133 1142 2170 Lambinus,
1166 2132 1223 2163 sed
1244 2133 1279 2172 cf
1307 2132 1445 2163 Redslob
1471 2132 1550 2171 (Lit.

219 2179 391 2210 Ccnlralbl.
418 2180 506 2217 1895.
529 2189 558 2217 p.
585 2179 679 2216 17615
763 2176 843 2216 sort.
865 2182 1020 2207 sescenta
1037 2177 1150 2208 sexies
1168 2177 1215 2215 (vi
1235 2177 1300 2217 ies)
1427 2177 1490 2216 897
1508 2176 1552 2207 ita

217 2234 245 2254 c.
268 2234 343 2253 eum
361 2222 527 2261 Kaemjs:
553 2222 597 2251 ita
614 2233 642 2252 e.
664 2221 755 2251 illum
773 2220 838 2251 cod.
861 2221 912 2259 (cf.
935 2219 1071 2251 adAul.
1093 2221 1170 2260 758)
1185 2231 1190 2251 :
1207 2219 1288 2259 sort.
1310 2220 1354 2250 ita
1376 2219 1506 2259 (infinc
1521 2229 1550 2252 v.

213 2266 439 2307 praevalentis,
458 2266 528 2304 Ego
546 2265 636 2295 illum
756 2275 821 2303 900
846 2275 885 2294 ca
897 2263 1009 2294 omnia
1021 2263 1086 2294 cod.
1108 2275 1114 2294 :
1138 2263 1211 2294 trai.
1229 2263 1330 2294 Bothe
1347 2263 1442 2293 metri
1451 2274 1550 2294 causa

217 2321 281 2350 903
309 2311 378 2340 nita
395 2309 461 2339 coel.
481 2314 571 2339 (corr.
593 2308 651 2347 13²¹)
757 2309 823 2346 906
848 2307 1084 2338 meretricibus
1101 2306 1133 2337 Β
1232 2317 1298 2346 909
1321 2307 1382 2338 sed
1395 2306 1461 2338 cod.
1479 2306 1551 2348 (vix

217 2354 356 2392 antiqua
373 2353 617 2393 orllwgrctpln'w
738 2362 802 2390 9¹3
827 2351 976 2390 unguine
995 2351 1101 2390 (iung.
1117 2351 1142 2389 ἓ)
1160 2349 1208 2380 B²
1225 2362 1231 2381 :
1257 2351 1373 2390 iugere
1390 2350 1477 2390 ital„
1495 2348 1554 2380 sed

217 2401 315 2438 pote-st
331 2398 471 2436 iungere
489 2396 551 2427 abl.
572 2406 667 2426 casus
684 2395 829 2425 nominis
846 2396 969 2434 iungus
988 2394 1060 2435 (Gr.
1082 2393 1205 2434 ζεῦγος)
1223 2404 1288 2425 esse
