<?xml version="1.0" encoding="UTF-8"?>
<!DOCTYPE html PUBLIC "-//W3C//DTD XHTML 1.0 Transitional//EN"
    "http://www.w3.org/TR/xhtml1/DTD/xhtml1-transitional.dtd">
<html xmlns="http://www.w3.org/1999/xhtml" xml:lang="en" lang="en">
 <head>
  <title>
</title>
<meta http-equiv="Content-Type" content="text/html;charset=utf-8" />
  <meta name='ocr-system' content='tesseract 3.04.00' />
  <meta name='ocr-capabilities' content='ocr_page ocr_carea ocr_par ocr_line ocrx_word'/>
</head>
<body>
  <div class='ocr_page' id='page_1' title='image "./comoediaerecogno01plauuoft_0423.png"; bbox 0 0 1727 2712; ppageno 0'>
   <div class='ocr_carea' id='block_1_1' title="bbox 657 96 1565 136">
    <p class='ocr_par' dir='ltr' id='par_1_1' title="bbox 657 96 1565 136">
     <span class='ocr_line' id='line_1_1' title="bbox 657 96 1565 136; baseline -0.003 -1"><span class='ocrx_word' id='word_1_1' title='bbox 657 97 919 136; x_wconf 85' lang='lat' dir='ltr'><strong>EPIDICVS</strong></span> <span class='ocrx_word' id='word_1_2' title='bbox 1374 96 1452 135; x_wconf 78' lang='grc' dir='ltr'>ΙΙΙ.</span> <span class='ocrx_word' id='word_1_3' title='bbox 1474 96 1519 132; x_wconf 86' lang='lat' dir='ltr'>iv</span> <span class='ocrx_word' id='word_1_4' title='bbox 1536 106 1565 132; x_wconf 82' lang='lat' dir='ltr'>a</span> 
     </span>
    </p>
   </div>
   <div class='ocr_carea' id='block_1_2' title="bbox 33 207 1521 1367">
    <p class='ocr_par' dir='ltr' id='par_1_2' title="bbox 125 207 958 260">
     <span class='ocr_line' id='line_1_2' title="bbox 125 207 958 260; baseline -0.002 -12"><span class='ocrx_word' id='word_1_5' title='bbox 125 208 426 260; x_wconf 81' lang='lat' dir='ltr'>Stratippoclem</span> <span class='ocrx_word' id='word_1_6' title='bbox 447 208 557 247; x_wconf 85' lang='lat' dir='ltr'>aiunt</span> <span class='ocrx_word' id='word_1_7' title='bbox 579 208 811 259; x_wconf 88' lang='lat' dir='ltr'>Periphanei</span> <span class='ocrx_word' id='word_1_8' title='bbox 834 207 958 246; x_wconf 90' lang='lat' dir='ltr'>filium</span> 
     </span>
    </p>

    <p class='ocr_par' dir='ltr' id='par_1_3' title="bbox 40 273 1520 390">
     <span class='ocr_line' id='line_1_3' title="bbox 123 273 1520 325; baseline -0.001 -13"><span class='ocrx_word' id='word_1_9' title='bbox 123 283 328 325; x_wconf 82' lang='lat' dir='ltr'>apsentem</span> <span class='ocrx_word' id='word_1_10' title='bbox 349 275 547 314; x_wconf 85' lang='lat' dir='ltr'>curauisse</span> <span class='ocrx_word' id='word_1_11' title='bbox 567 282 610 312; x_wconf 89' lang='lat' dir='ltr'>ut</span> <span class='ocrx_word' id='word_1_12' title='bbox 630 275 739 312; x_wconf 85' lang='lat' dir='ltr'>fieret</span> <span class='ocrx_word' id='word_1_13' title='bbox 758 273 890 312; x_wconf 83' lang='lat' dir='ltr'>libera.</span> <span class='ocrx_word' id='word_1_14' title='bbox 1480 279 1520 311; x_wconf 83' lang='lat'>35</span> 
     </span>
     <span class='ocr_line' id='line_1_4' title="bbox 40 337 1189 390; baseline -0.001 -13"><span class='ocrx_word' id='word_1_15' title='bbox 40 350 107 388; x_wconf 82' lang='lat'>510</span> <span class='ocrx_word' id='word_1_16' title='bbox 126 341 195 377; x_wconf 83' lang='lat' dir='ltr'>PE.</span> <span class='ocrx_word' id='word_1_17' title='bbox 225 339 322 390; x_wconf 89' lang='lat' dir='ltr'>perii</span> <span class='ocrx_word' id='word_1_18' title='bbox 342 341 473 379; x_wconf 89' lang='lat' dir='ltr'>hercle</span> <span class='ocrx_word' id='word_1_19' title='bbox 493 339 525 378; x_wconf 88' lang='lat' dir='ltr'>si</span> <span class='ocrx_word' id='word_1_20' title='bbox 545 338 666 378; x_wconf 85' lang='lat' dir='ltr'>istaec</span> <span class='ocrx_word' id='word_1_21' title='bbox 686 352 779 377; x_wconf 87' lang='lat' dir='ltr'>uera</span> <span class='ocrx_word' id='word_1_22' title='bbox 799 345 890 376; x_wconf 88' lang='lat' dir='ltr'>sunt</span> <span class='ocrx_word' id='word_1_23' title='bbox 907 353 918 386; x_wconf 78' lang='lat'><em>3</em></span> <span class='ocrx_word' id='word_1_24' title='bbox 946 337 1189 389; x_wconf 83' lang='lat' dir='ltr'>planissume</span> 
     </span>
    </p>

    <p class='ocr_par' dir='ltr' id='par_1_4' title="bbox 125 402 1034 455">
     <span class='ocr_line' id='line_1_5' title="bbox 125 402 1034 455; baseline -0.002 -12"><span class='ocrx_word' id='word_1_25' title='bbox 125 418 257 443; x_wconf 90' lang='lat' dir='ltr'>meum</span> <span class='ocrx_word' id='word_1_26' title='bbox 278 403 518 444; x_wconf 78' lang='lat' dir='ltr'>exenterauit</span> <span class='ocrx_word' id='word_1_27' title='bbox 541 403 732 455; x_wconf 89' lang='lat' dir='ltr'>Epidicus</span> <span class='ocrx_word' id='word_1_28' title='bbox 753 402 1034 454; x_wconf 82' lang='lat' dir='ltr'>marsuppium.</span> 
     </span>
    </p>

    <p class='ocr_par' dir='ltr' id='par_1_5' title="bbox 124 462 1188 519">
     <span class='ocr_line' id='line_1_6' title="bbox 124 462 1188 519; baseline 0 -11"><span class='ocrx_word' id='word_1_29' title='bbox 124 471 184 508; x_wconf 91' lang='lat' dir='ltr'>F1.</span> <span class='ocrx_word' id='word_1_30' title='bbox 214 471 312 508; x_wconf 86' lang='lat' dir='ltr'>haec</span> <span class='ocrx_word' id='word_1_31' title='bbox 332 469 388 509; x_wconf 88' lang='lat' dir='ltr'>sic</span> <span class='ocrx_word' id='word_1_32' title='bbox 406 462 553 508; x_wconf 90' lang='lat' dir='ltr'>audiui.</span> <span class='ocrx_word' id='word_1_33' title='bbox 603 468 799 519; x_wconf 89' lang='lat' dir='ltr'>numquid</span> <span class='ocrx_word' id='word_1_34' title='bbox 820 482 884 508; x_wconf 90' lang='lat' dir='ltr'>me</span> <span class='ocrx_word' id='word_1_35' title='bbox 903 468 963 507; x_wconf 89' lang='lat' dir='ltr'>uis</span> <span class='ocrx_word' id='word_1_36' title='bbox 983 471 1188 508; x_wconf 87' lang='lat' dir='ltr'>ceterum?</span> 
     </span>
    </p>

    <p class='ocr_par' dir='ltr' id='par_1_6' title="bbox 124 533 1130 586">
     <span class='ocr_line' id='line_1_7' title="bbox 124 533 1130 586; baseline 0.001 -14"><span class='ocrx_word' id='word_1_37' title='bbox 124 536 193 573; x_wconf 83' lang='lat' dir='ltr'>PE.</span> <span class='ocrx_word' id='word_1_38' title='bbox 225 536 330 574; x_wconf 85' lang='lat' dir='ltr'>malo</span> <span class='ocrx_word' id='word_1_39' title='bbox 349 534 523 574; x_wconf 86' lang='lat' dir='ltr'>cruciatu</span> <span class='ocrx_word' id='word_1_40' title='bbox 544 542 587 574; x_wconf 94' lang='lat' dir='ltr'>ut</span> <span class='ocrx_word' id='word_1_41' title='bbox 606 548 743 586; x_wconf 87' lang='lat' dir='ltr'>pereas</span> <span class='ocrx_word' id='word_1_42' title='bbox 761 541 882 585; x_wconf 86' lang='lat' dir='ltr'>atque</span> <span class='ocrx_word' id='word_1_43' title='bbox 901 534 1020 572; x_wconf 81' lang='lat' dir='ltr'>abeas</span> <span class='ocrx_word' id='word_1_44' title='bbox 1040 533 1130 573; x_wconf 86' lang='lat' dir='ltr'>cito.</span> 
     </span>
    </p>

    <p class='ocr_par' dir='ltr' id='par_1_7' title="bbox 37 598 1518 717">
     <span class='ocr_line' id='line_1_8' title="bbox 124 598 1518 650; baseline 0.001 -12"><span class='ocrx_word' id='word_1_45' title='bbox 124 601 182 638; x_wconf 89' lang='lat' dir='ltr'>F1.</span> <span class='ocrx_word' id='word_1_46' title='bbox 213 600 313 639; x_wconf 89' lang='lat' dir='ltr'>fides</span> <span class='ocrx_word' id='word_1_47' title='bbox 332 614 414 639; x_wconf 90' lang='lat' dir='ltr'>non</span> <span class='ocrx_word' id='word_1_48' title='bbox 433 599 565 639; x_wconf 82' lang='lat' dir='ltr'><strong>reddis</strong></span> <span class='ocrx_word' id='word_1_49' title='bbox 579 602 597 639; x_wconf 77' lang='grc' dir='ltr'>Ρ</span> <span class='ocrx_word' id='word_1_50' title='bbox 654 601 724 638; x_wconf 82' lang='lat' dir='ltr'>PE.</span> <span class='ocrx_word' id='word_1_51' title='bbox 755 613 885 649; x_wconf 85' lang='lat' dir='ltr'>neque</span> <span class='ocrx_word' id='word_1_52' title='bbox 906 599 1004 638; x_wconf 86' lang='lat' dir='ltr'>fides</span> <span class='ocrx_word' id='word_1_53' title='bbox 1024 612 1154 649; x_wconf 87' lang='lat' dir='ltr'>neque</span> <span class='ocrx_word' id='word_1_54' title='bbox 1174 598 1301 637; x_wconf 90' lang='lat' dir='ltr'>tibias.</span> <span class='ocrx_word' id='word_1_55' title='bbox 1475 619 1518 650; x_wconf 90' lang='lat'>40</span> 
     </span>
     <span class='ocr_line' id='line_1_9' title="bbox 37 663 1267 717; baseline -0.001 -14"><span class='ocrx_word' id='word_1_56' title='bbox 37 680 101 717; x_wconf 84' lang='lat'>515</span> <span class='ocrx_word' id='word_1_57' title='bbox 122 678 288 715; x_wconf 87' lang='lat' dir='ltr'>propera</span> <span class='ocrx_word' id='word_1_58' title='bbox 307 664 358 703; x_wconf 90' lang='lat' dir='ltr'>sis</span> <span class='ocrx_word' id='word_1_59' title='bbox 379 666 513 715; x_wconf 84' lang='lat' dir='ltr'>fugere</span> <span class='ocrx_word' id='word_1_60' title='bbox 533 664 628 704; x_wconf 86' lang='lat' dir='ltr'>hinc</span> <span class='ocrx_word' id='word_1_61' title='bbox 647 664 680 703; x_wconf 91' lang='lat' dir='ltr'>si</span> <span class='ocrx_word' id='word_1_62' title='bbox 700 671 739 703; x_wconf 87' lang='lat' dir='ltr'>te</span> <span class='ocrx_word' id='word_1_63' title='bbox 760 664 802 703; x_wconf 75' lang='lat' dir='ltr'>di</span> <span class='ocrx_word' id='word_1_64' title='bbox 824 671 971 702; x_wconf 86' lang='lat' dir='ltr'>amant.</span> <span class='ocrx_word' id='word_1_65' title='bbox 1031 665 1090 702; x_wconf 83' lang='lat' dir='ltr'>F1.</span> <span class='ocrx_word' id='word_1_66' title='bbox 1121 663 1267 702; x_wconf 88' lang='lat' dir='ltr'>abiero.</span> 
     </span>
    </p>

    <p class='ocr_par' dir='ltr' id='par_1_8' title="bbox 122 729 1045 781">
     <span class='ocr_line' id='line_1_10' title="bbox 122 729 1045 781; baseline 0 -14"><span class='ocrx_word' id='word_1_67' title='bbox 122 729 269 779; x_wconf 84' lang='lat' dir='ltr'>flagitio</span> <span class='ocrx_word' id='word_1_68' title='bbox 289 744 379 768; x_wconf 89' lang='lat' dir='ltr'>cum</span> <span class='ocrx_word' id='word_1_69' title='bbox 401 730 548 769; x_wconf 85' lang='lat' dir='ltr'>maiore</span> <span class='ocrx_word' id='word_1_70' title='bbox 567 738 658 781; x_wconf 88' lang='lat' dir='ltr'>post</span> <span class='ocrx_word' id='word_1_71' title='bbox 678 730 821 769; x_wconf 90' lang='lat' dir='ltr'>reddes</span> <span class='ocrx_word' id='word_1_72' title='bbox 842 737 1045 768; x_wconf 83' lang='lat' dir='ltr'>tamen.—</span> 
     </span>
    </p>

    <p class='ocr_par' dir='ltr' id='par_1_9' title="bbox 123 788 1283 845">
     <span class='ocr_line' id='line_1_11' title="bbox 123 788 1283 845; baseline 0 -13"><span class='ocrx_word' id='word_1_73' title='bbox 123 795 190 832; x_wconf 77' lang='lat' dir='ltr'>PE.</span> <span class='ocrx_word' id='word_1_74' title='bbox 223 794 319 845; x_wconf 88' lang='lat' dir='ltr'>quid</span> <span class='ocrx_word' id='word_1_75' title='bbox 339 808 445 833; x_wconf 86' lang='lat' dir='ltr'>nunc</span> <span class='ocrx_word' id='word_1_76' title='bbox 462 797 478 834; x_wconf 92' lang='lat'>?</span> <span class='ocrx_word' id='word_1_77' title='bbox 507 795 575 845; x_wconf 87' lang='lat' dir='ltr'>qui</span> <span class='ocrx_word' id='word_1_78' title='bbox 596 795 636 833; x_wconf 92' lang='lat' dir='ltr'>in</span> <span class='ocrx_word' id='word_1_79' title='bbox 657 795 775 834; x_wconf 83' lang='lat' dir='ltr'>tantis</span> <span class='ocrx_word' id='word_1_80' title='bbox 795 788 947 844; x_wconf 84' lang='lat' dir='ltr'>positus</span> <span class='ocrx_word' id='word_1_81' title='bbox 969 808 1056 832; x_wconf 90' lang='lat' dir='ltr'>sum</span> <span class='ocrx_word' id='word_1_82' title='bbox 1077 793 1283 832; x_wconf 83' lang='lat' dir='ltr'>sententiis</span> 
     </span>
    </p>

    <p class='ocr_par' dir='ltr' id='par_1_10' title="bbox 121 859 1227 910">
     <span class='ocr_line' id='line_1_12' title="bbox 121 859 1227 910; baseline 0 -13"><span class='ocrx_word' id='word_1_83' title='bbox 121 872 261 898; x_wconf 83' lang='lat' dir='ltr'>eamne</span> <span class='ocrx_word' id='word_1_84' title='bbox 281 873 354 910; x_wconf 83' lang='lat' dir='ltr'>ego</span> <span class='ocrx_word' id='word_1_85' title='bbox 374 860 500 898; x_wconf 86' lang='lat' dir='ltr'>sinam</span> <span class='ocrx_word' id='word_1_86' title='bbox 521 860 699 910; x_wconf 88' lang='lat' dir='ltr'>inpune?</span> <span class='ocrx_word' id='word_1_87' title='bbox 728 860 851 898; x_wconf 89' lang='lat' dir='ltr'>immo</span> <span class='ocrx_word' id='word_1_88' title='bbox 871 859 990 898; x_wconf 86' lang='lat' dir='ltr'>etiam</span> <span class='ocrx_word' id='word_1_89' title='bbox 1011 859 1042 898; x_wconf 89' lang='lat' dir='ltr'>si</span> <span class='ocrx_word' id='word_1_90' title='bbox 1062 861 1227 897; x_wconf 86' lang='lat' dir='ltr'>alterum</span> 
     </span>
    </p>

    <p class='ocr_par' dir='ltr' id='par_1_11' title="bbox 35 923 1515 1041">
     <span class='ocr_line' id='line_1_13' title="bbox 120 923 1515 975; baseline 0 -13"><span class='ocrx_word' id='word_1_91' title='bbox 120 931 273 962; x_wconf 89' lang='lat' dir='ltr'>tantum</span> <span class='ocrx_word' id='word_1_92' title='bbox 294 926 593 975; x_wconf 85' lang='lat' dir='ltr'>perdundumst,</span> <span class='ocrx_word' id='word_1_93' title='bbox 617 926 779 975; x_wconf 89' lang='lat' dir='ltr'>perdam</span> <span class='ocrx_word' id='word_1_94' title='bbox 800 924 932 975; x_wconf 86' lang='lat' dir='ltr'>potius</span> <span class='ocrx_word' id='word_1_95' title='bbox 953 938 1071 974; x_wconf 86' lang='lat' dir='ltr'>quam</span> <span class='ocrx_word' id='word_1_96' title='bbox 1093 923 1220 962; x_wconf 78' lang='lat' dir='ltr'>sinam</span> <span class='ocrx_word' id='word_1_97' title='bbox 1471 939 1515 973; x_wconf 87' lang='lat'>45</span> 
     </span>
     <span class='ocr_line' id='line_1_14' title="bbox 35 989 1139 1041; baseline -0.002 -11"><span class='ocrx_word' id='word_1_98' title='bbox 35 1003 103 1041; x_wconf 79' lang='lat'>520</span> <span class='ocrx_word' id='word_1_99' title='bbox 122 1004 184 1029; x_wconf 89' lang='lat' dir='ltr'>me</span> <span class='ocrx_word' id='word_1_100' title='bbox 204 990 353 1041; x_wconf 89' lang='lat' dir='ltr'>inpune</span> <span class='ocrx_word' id='word_1_101' title='bbox 373 990 535 1029; x_wconf 87' lang='lat' dir='ltr'>inrisum</span> <span class='ocrx_word' id='word_1_102' title='bbox 557 1005 654 1038; x_wconf 89' lang='lat' dir='ltr'>esse,</span> <span class='ocrx_word' id='word_1_103' title='bbox 676 990 856 1029; x_wconf 86' lang='lat' dir='ltr'>habitum</span> <span class='ocrx_word' id='word_1_104' title='bbox 877 989 1139 1040; x_wconf 87' lang='lat' dir='ltr'>depeculatui.</span> 
     </span>
    </p>

    <p class='ocr_par' dir='ltr' id='par_1_12' title="bbox 119 1054 1040 1106">
     <span class='ocr_line' id='line_1_15' title="bbox 119 1054 1040 1106; baseline 0 -13"><span class='ocrx_word' id='word_1_105' title='bbox 119 1054 154 1093; x_wconf 89' lang='lat' dir='ltr'>ei</span> <span class='ocrx_word' id='word_1_106' title='bbox 173 1058 179 1093; x_wconf 78' lang='lat'>1</span> <span class='ocrx_word' id='word_1_107' title='bbox 209 1055 288 1094; x_wconf 89' lang='lat' dir='ltr'>seic</span> <span class='ocrx_word' id='word_1_108' title='bbox 308 1057 400 1094; x_wconf 87' lang='lat' dir='ltr'>data</span> <span class='ocrx_word' id='word_1_109' title='bbox 420 1070 505 1095; x_wconf 86' lang='lat' dir='ltr'>esse</span> <span class='ocrx_word' id='word_1_110' title='bbox 526 1057 647 1095; x_wconf 82' lang='lat' dir='ltr'>uerba</span> <span class='ocrx_word' id='word_1_111' title='bbox 667 1055 861 1106; x_wconf 81' lang='lat' dir='ltr'>praesenti</span> <span class='ocrx_word' id='word_1_112' title='bbox 882 1056 1012 1105; x_wconf 88' lang='lat' dir='ltr'>palam</span> <span class='ocrx_word' id='word_1_113' title='bbox 1032 1058 1040 1094; x_wconf 77' lang='grc' dir='ltr'><strong>Ξ</strong></span> 
     </span>
    </p>

    <p class='ocr_par' dir='ltr' id='par_1_13' title="bbox 118 1119 1053 1171">
     <span class='ocr_line' id='line_1_16' title="bbox 118 1119 1053 1171; baseline -0.001 -13"><span class='ocrx_word' id='word_1_114' title='bbox 118 1134 165 1159; x_wconf 85' lang='lat' dir='ltr'>ac</span> <span class='ocrx_word' id='word_1_115' title='bbox 185 1134 248 1159; x_wconf 92' lang='lat' dir='ltr'>me</span> <span class='ocrx_word' id='word_1_116' title='bbox 269 1120 430 1159; x_wconf 88' lang='lat' dir='ltr'>minoris</span> <span class='ocrx_word' id='word_1_117' title='bbox 451 1122 553 1160; x_wconf 87' lang='lat' dir='ltr'>facio</span> <span class='ocrx_word' id='word_1_118' title='bbox 572 1134 664 1171; x_wconf 84' lang='lat' dir='ltr'>prae</span> <span class='ocrx_word' id='word_1_119' title='bbox 685 1120 762 1166; x_wconf 84' lang='lat' dir='ltr'>illo,</span> <span class='ocrx_word' id='word_1_120' title='bbox 786 1120 853 1170; x_wconf 91' lang='lat' dir='ltr'>qui</span> <span class='ocrx_word' id='word_1_121' title='bbox 874 1119 1053 1158; x_wconf 87' lang='lat' dir='ltr'>omnium</span> 
     </span>
    </p>

    <p class='ocr_par' dir='ltr' id='par_1_14' title="bbox 118 1185 1060 1236">
     <span class='ocr_line' id='line_1_17' title="bbox 118 1185 1060 1236; baseline 0 -13"><span class='ocrx_word' id='word_1_122' title='bbox 118 1187 248 1236; x_wconf 86' lang='lat' dir='ltr'>legum</span> <span class='ocrx_word' id='word_1_123' title='bbox 268 1194 387 1236; x_wconf 86' lang='lat' dir='ltr'>atque</span> <span class='ocrx_word' id='word_1_124' title='bbox 408 1186 535 1225; x_wconf 90' lang='lat' dir='ltr'>iurum</span> <span class='ocrx_word' id='word_1_125' title='bbox 556 1187 679 1233; x_wconf 88' lang='lat' dir='ltr'>fictor,</span> <span class='ocrx_word' id='word_1_126' title='bbox 702 1185 908 1224; x_wconf 85' lang='lat' dir='ltr'>condictor</span> <span class='ocrx_word' id='word_1_127' title='bbox 928 1186 1032 1224; x_wconf 89' lang='lat' dir='ltr'>cluet</span> <span class='ocrx_word' id='word_1_128' title='bbox 1049 1200 1060 1233; x_wconf 79' lang='lat'><em>3</em></span> 
     </span>
    </p>

    <p class='ocr_par' dir='ltr' id='par_1_15' title="bbox 33 1251 1521 1367">
     <span class='ocr_line' id='line_1_18' title="bbox 118 1251 1521 1303; baseline -0.003 -12"><span class='ocrx_word' id='word_1_129' title='bbox 118 1251 150 1290; x_wconf 89' lang='lat' dir='ltr'>is</span> <span class='ocrx_word' id='word_1_130' title='bbox 170 1252 288 1290; x_wconf 87' lang='lat' dir='ltr'>etiam</span> <span class='ocrx_word' id='word_1_131' title='bbox 309 1266 394 1291; x_wconf 86' lang='lat' dir='ltr'>sese</span> <span class='ocrx_word' id='word_1_132' title='bbox 415 1265 551 1303; x_wconf 84' lang='lat' dir='ltr'>sapere</span> <span class='ocrx_word' id='word_1_133' title='bbox 572 1259 787 1290; x_wconf 88' lang='lat' dir='ltr'>memorat:</span> <span class='ocrx_word' id='word_1_134' title='bbox 818 1252 1004 1289; x_wconf 85' lang='lat' dir='ltr'>malleum</span> <span class='ocrx_word' id='word_1_135' title='bbox 1475 1262 1521 1295; x_wconf 85' lang='lat'>50</span> 
     </span>
     <span class='ocr_line' id='line_1_19' title="bbox 33 1316 928 1367; baseline 0.002 -14"><span class='ocrx_word' id='word_1_136' title='bbox 33 1326 96 1363; x_wconf 82' lang='lat'>525</span> <span class='ocrx_word' id='word_1_137' title='bbox 117 1316 395 1367; x_wconf 85' lang='lat' dir='ltr'>sapientiorem</span> <span class='ocrx_word' id='word_1_138' title='bbox 416 1317 499 1357; x_wconf 87' lang='lat' dir='ltr'>uidi</span> <span class='ocrx_word' id='word_1_139' title='bbox 520 1331 686 1356; x_wconf 87' lang='lat' dir='ltr'>excusso</span> <span class='ocrx_word' id='word_1_140' title='bbox 707 1316 928 1356; x_wconf 88' lang='lat' dir='ltr'>manubrio.</span> 
     </span>
    </p>
   </div>
   <div class='ocr_carea' id='block_1_3' title="bbox 600 1475 965 1524">
    <p class='ocr_par' dir='ltr' id='par_1_16' title="bbox 600 1475 965 1524">
     <span class='ocr_line' id='line_1_20' title="bbox 600 1475 965 1524; baseline -0.005 -1"><span class='ocrx_word' id='word_1_141' title='bbox 600 1476 839 1524; x_wconf 81' lang='lat' dir='ltr'>ACTVS</span> <span class='ocrx_word' id='word_1_142' title='bbox 893 1475 965 1522; x_wconf 90' lang='lat' dir='ltr'>lV</span> 
     </span>
    </p>
   </div>
   <div class='ocr_carea' id='block_1_4' title="bbox 404 1572 1580 1613">
    <p class='ocr_par' dir='ltr' id='par_1_17' title="bbox 404 1572 1580 1613">
     <span class='ocr_line' id='line_1_21' title="bbox 404 1572 1580 1613; baseline -0.002 0"><span class='ocrx_word' id='word_1_143' title='bbox 404 1578 682 1613; x_wconf 77' lang='lat' dir='ltr'>PHILIPPA</span> <span class='ocrx_word' id='word_1_144' title='bbox 796 1577 1167 1613; x_wconf 79' lang='lat' dir='ltr'>PERIPHANES</span> <span class='ocrx_word' id='word_1_145' title='bbox 1473 1572 1580 1612; x_wconf 90' lang='lat' dir='ltr'>IV.i</span> 
     </span>
    </p>
   </div>
   <div class='ocr_carea' id='block_1_5' title="bbox 116 1651 1453 1758">
    <p class='ocr_par' dir='ltr' id='par_1_18' title="bbox 116 1651 1453 1758">
     <span class='ocr_line' id='line_1_22' title="bbox 116 1651 1453 1702; baseline 0.002 -14"><span class='ocrx_word' id='word_1_146' title='bbox 116 1653 190 1689; x_wconf 82' lang='lat' dir='ltr'>PH.</span> <span class='ocrx_word' id='word_1_147' title='bbox 222 1651 263 1691; x_wconf 90' lang='lat' dir='ltr'>Si</span> <span class='ocrx_word' id='word_1_148' title='bbox 283 1651 379 1701; x_wconf 86' lang='lat' dir='ltr'>quid</span> <span class='ocrx_word' id='word_1_149' title='bbox 400 1659 458 1690; x_wconf 91' lang='lat' dir='ltr'>est</span> <span class='ocrx_word' id='word_1_150' title='bbox 479 1651 631 1690; x_wconf 87' lang='lat' dir='ltr'>h6mini</span> <span class='ocrx_word' id='word_1_151' title='bbox 662 1652 904 1691; x_wconf 85' lang='lat' dir='ltr'>miseriarum</span> <span class='ocrx_word' id='word_1_152' title='bbox 935 1652 1045 1702; x_wconf 84' lang='lat' dir='ltr'>quod</span> <span class='ocrx_word' id='word_1_153' title='bbox 1076 1652 1312 1698; x_wconf 84' lang='lat' dir='ltr'>miserescat,</span> <span class='ocrx_word' id='word_1_154' title='bbox 1336 1652 1453 1692; x_wconf 91' lang='lat' dir='ltr'>miser</span> 
     </span>
     <span class='ocr_line' id='line_1_23' title="bbox 1201 1717 1449 1758; baseline 0 -2"><span class='ocrx_word' id='word_1_155' title='bbox 1201 1732 1247 1756; x_wconf 84' lang='lat' dir='ltr'>ex</span> <span class='ocrx_word' id='word_1_156' title='bbox 1267 1717 1449 1758; x_wconf 87' lang='lat' dir='ltr'>animost.</span> 
     </span>
    </p>
   </div>
   <div class='ocr_carea' id='block_1_6' title="bbox 205 1781 1451 1898">
    <p class='ocr_par' dir='ltr' id='par_1_19' title="bbox 205 1781 1451 1898">
     <span class='ocr_line' id='line_1_24' title="bbox 205 1781 1451 1834; baseline 0.001 -13"><span class='ocrx_word' id='word_1_157' title='bbox 205 1781 246 1821; x_wconf 87' lang='lat' dir='ltr'>id</span> <span class='ocrx_word' id='word_1_158' title='bbox 259 1795 333 1832; x_wconf 86' lang='lat' dir='ltr'>ego</span> <span class='ocrx_word' id='word_1_159' title='bbox 346 1781 536 1833; x_wconf 89' lang='lat' dir='ltr'>experior,</span> <span class='ocrx_word' id='word_1_160' title='bbox 544 1782 638 1832; x_wconf 88' lang='lat' dir='ltr'>quoi</span> <span class='ocrx_word' id='word_1_161' title='bbox 654 1783 777 1821; x_wconf 88' lang='lat' dir='ltr'>multa</span> <span class='ocrx_word' id='word_1_162' title='bbox 790 1781 830 1820; x_wconf 88' lang='lat' dir='ltr'>in</span> <span class='ocrx_word' id='word_1_163' title='bbox 844 1796 968 1820; x_wconf 90' lang='lat' dir='ltr'>unum</span> <span class='ocrx_word' id='word_1_164' title='bbox 983 1783 1115 1821; x_wconf 89' lang='lat' dir='ltr'>locum</span> <span class='ocrx_word' id='word_1_165' title='bbox 1131 1784 1336 1822; x_wconf 88' lang='lat' dir='ltr'>confluont</span> <span class='ocrx_word' id='word_1_166' title='bbox 1349 1797 1451 1834; x_wconf 80' lang='lat' dir='ltr'>quae</span> 
     </span>
     <span class='ocr_line' id='line_1_25' title="bbox 544 1849 1006 1898; baseline 0 -12"><span class='ocrx_word' id='word_1_167' title='bbox 544 1861 677 1886; x_wconf 89' lang='lat' dir='ltr'>meum</span> <span class='ocrx_word' id='word_1_168' title='bbox 698 1849 827 1898; x_wconf 86' lang='lat' dir='ltr'>pectu&#39;</span> <span class='ocrx_word' id='word_1_169' title='bbox 848 1849 1006 1898; x_wconf 87' lang='lat' dir='ltr'>pulsant</span> 
     </span>
    </p>
   </div>
   <div class='ocr_carea' id='block_1_7' title="bbox 107 1951 1451 2386">
    <p class='ocr_par' dir='ltr' id='par_1_20' title="bbox 107 1951 1451 2386">
     <span class='ocr_line' id='line_1_26' title="bbox 156 1951 1451 1994; baseline 0 -10"><span class='ocrx_word' id='word_1_170' title='bbox 156 1953 220 1992; x_wconf 87' lang='lat'>508</span> <span class='ocrx_word' id='word_1_171' title='bbox 244 1952 336 1983; x_wconf 86' lang='lat' dir='ltr'>aiunt</span> <span class='ocrx_word' id='word_1_172' title='bbox 353 1963 418 1984; x_wconf 86' lang='lat' dir='ltr'>om.</span> <span class='ocrx_word' id='word_1_173' title='bbox 438 1951 472 1982; x_wconf 89' lang='lat' dir='ltr'><em>P</em></span> <span class='ocrx_word' id='word_1_174' title='bbox 568 1962 633 1992; x_wconf 89' lang='lat'>509</span> <span class='ocrx_word' id='word_1_175' title='bbox 657 1952 778 1994; x_wconf 76' lang='lat' dir='ltr'>liber-a]</span> <span class='ocrx_word' id='word_1_176' title='bbox 800 1952 867 1983; x_wconf 88' lang='lat' dir='ltr'>filia</span> <span class='ocrx_word' id='word_1_177' title='bbox 884 1953 916 1982; x_wconf 86' lang='lat' dir='ltr'><em>A</em></span> <span class='ocrx_word' id='word_1_178' title='bbox 938 1953 984 1994; x_wconf 85' lang='lat' dir='ltr'>(v.</span> <span class='ocrx_word' id='word_1_179' title='bbox 1003 1953 1037 1991; x_wconf 43' lang='lat'>4*</span> <span class='ocrx_word' id='word_1_180' title='bbox 1139 1963 1204 1991; x_wconf 87' lang='lat'>510</span> <span class='ocrx_word' id='word_1_181' title='bbox 1228 1953 1276 1983; x_wconf 77' lang='lat' dir='ltr'>vel</span> <span class='ocrx_word' id='word_1_182' title='bbox 1288 1951 1451 1993; x_wconf 74' lang='lat' dir='ltr'>dislingue</span> 
     </span>
     <span class='ocr_line' id='line_1_27' title="bbox 108 1996 1449 2037; baseline 0 -11"><span class='ocrx_word' id='word_1_183' title='bbox 108 1999 185 2036; x_wconf 82' lang='lat' dir='ltr'>post</span> <span class='ocrx_word' id='word_1_184' title='bbox 199 1996 288 2035; x_wconf 92' lang='lat' dir='ltr'>plan.</span> <span class='ocrx_word' id='word_1_185' title='bbox 409 2005 470 2035; x_wconf 89' lang='lat'>511</span> <span class='ocrx_word' id='word_1_186' title='bbox 496 1996 648 2036; x_wconf 83' lang='lat' dir='ltr'>epidicus</span> <span class='ocrx_word' id='word_1_187' title='bbox 664 1997 894 2036; x_wconf 85' lang='lat' dir='ltr'>marsuppium</span> <span class='ocrx_word' id='word_1_188' title='bbox 914 1996 1102 2037; x_wconf 78' lang='lat' dir='ltr'>[epidicus]</span> <span class='ocrx_word' id='word_1_189' title='bbox 1121 1996 1154 2026; x_wconf 91' lang='lat' dir='ltr'><em>A</em></span> <span class='ocrx_word' id='word_1_190' title='bbox 1272 2006 1335 2034; x_wconf 87' lang='lat'>512</span> <span class='ocrx_word' id='word_1_191' title='bbox 1360 2007 1449 2027; x_wconf 90' lang='lat' dir='ltr'>nunc</span> 
     </span>
     <span class='ocr_line' id='line_1_28' title="bbox 116 2039 1448 2081; baseline 0 -11"><span class='ocrx_word' id='word_1_192' title='bbox 116 2039 177 2080; x_wconf 83' lang='lat' dir='ltr'>[si]</span> <span class='ocrx_word' id='word_1_193' title='bbox 199 2039 279 2079; x_wconf 90' lang='lat' dir='ltr'>quid</span> <span class='ocrx_word' id='word_1_194' title='bbox 302 2039 354 2071; x_wconf 87' lang='lat' dir='ltr'>uis</span> <span class='ocrx_word' id='word_1_195' title='bbox 375 2051 428 2071; x_wconf 80' lang='lat' dir='ltr'>me</span> <span class='ocrx_word' id='word_1_196' title='bbox 451 2045 600 2071; x_wconf 84' lang='lat' dir='ltr'>ceterum</span> <span class='ocrx_word' id='word_1_197' title='bbox 623 2039 657 2070; x_wconf 99' lang='lat' dir='ltr'><em>A</em></span> <span class='ocrx_word' id='word_1_198' title='bbox 680 2040 847 2081; x_wconf 80' lang='lat' dir='ltr'>(‘conflat.</span> <span class='ocrx_word' id='word_1_199' title='bbox 867 2051 905 2070; x_wconf 82' lang='lat' dir='ltr'>ex</span> <span class='ocrx_word' id='word_1_200' title='bbox 925 2040 1087 2080; x_wconf 87' lang='lat' dir='ltr'>numquid</span> <span class='ocrx_word' id='word_1_201' title='bbox 1107 2044 1137 2071; x_wconf 78' lang='lat' dir='ltr'>et</span> <span class='ocrx_word' id='word_1_202' title='bbox 1154 2039 1281 2079; x_wconf 87' lang='lat' dir='ltr'>siquid&#39;</span> <span class='ocrx_word' id='word_1_203' title='bbox 1299 2039 1448 2080; x_wconf 82' lang='lat' dir='ltr'>Seyffert)</span> 
     </span>
     <span class='ocr_line' id='line_1_29' title="bbox 113 2082 1447 2125; baseline 0 -11"><span class='ocrx_word' id='word_1_204' title='bbox 113 2092 176 2122; x_wconf 86' lang='lat'>513</span> <span class='ocrx_word' id='word_1_205' title='bbox 201 2082 271 2125; x_wconf 85' lang='lat' dir='ltr'>[ut]</span> <span class='ocrx_word' id='word_1_206' title='bbox 288 2085 438 2114; x_wconf 80' lang='lat' dir='ltr'>cruciatu</span> <span class='ocrx_word' id='word_1_207' title='bbox 455 2089 490 2114; x_wconf 90' lang='lat' dir='ltr'>ut</span> <span class='ocrx_word' id='word_1_208' title='bbox 506 2083 539 2113; x_wconf 89' lang='lat' dir='ltr'><em>A</em></span> <span class='ocrx_word' id='word_1_209' title='bbox 654 2093 717 2124; x_wconf 89' lang='lat'>515</span> <span class='ocrx_word' id='word_1_210' title='bbox 742 2094 773 2123; x_wconf 90' lang='lat' dir='ltr'>p.</span> <span class='ocrx_word' id='word_1_211' title='bbox 793 2084 839 2115; x_wconf 84' lang='lat' dir='ltr'>sis</span> <span class='ocrx_word' id='word_1_212' title='bbox 857 2083 1003 2123; x_wconf 86' lang='lat' dir='ltr'>igiturA</span> <span class='ocrx_word' id='word_1_213' title='bbox 1024 2083 1192 2124; x_wconf 73' lang='lat' dir='ltr'>(2c0nflat.</span> <span class='ocrx_word' id='word_1_214' title='bbox 1212 2094 1252 2113; x_wconf 84' lang='lat' dir='ltr'>ex</span> <span class='ocrx_word' id='word_1_215' title='bbox 1266 2094 1296 2123; x_wconf 92' lang='lat' dir='ltr'>p.</span> <span class='ocrx_word' id='word_1_216' title='bbox 1311 2084 1357 2115; x_wconf 86' lang='lat' dir='ltr'>sis</span> <span class='ocrx_word' id='word_1_217' title='bbox 1373 2088 1402 2113; x_wconf 82' lang='lat' dir='ltr'>et</span> <span class='ocrx_word' id='word_1_218' title='bbox 1417 2095 1447 2123; x_wconf 91' lang='lat' dir='ltr'>p.</span> 
     </span>
     <span class='ocr_line' id='line_1_30' title="bbox 114 2126 1449 2167; baseline 0.002 -12"><span class='ocrx_word' id='word_1_219' title='bbox 114 2126 172 2165; x_wconf 84' lang='lat' dir='ltr'>ig.)</span> <span class='ocrx_word' id='word_1_220' title='bbox 189 2138 197 2157; x_wconf 73' lang='lat' dir='ltr'>z</span> <span class='ocrx_word' id='word_1_221' title='bbox 230 2137 261 2166; x_wconf 89' lang='lat' dir='ltr'>p.</span> <span class='ocrx_word' id='word_1_222' title='bbox 282 2127 324 2167; x_wconf 88' lang='lat' dir='ltr'>ig.</span> <span class='ocrx_word' id='word_1_223' title='bbox 344 2127 378 2157; x_wconf 88' lang='lat' dir='ltr'><em>P</em></span> <span class='ocrx_word' id='word_1_224' title='bbox 464 2132 497 2157; x_wconf 90' lang='lat' dir='ltr'>te</span> <span class='ocrx_word' id='word_1_225' title='bbox 521 2127 549 2158; x_wconf 86' lang='lat' dir='ltr'>si</span> <span class='ocrx_word' id='word_1_226' title='bbox 567 2127 600 2158; x_wconf 89' lang='lat' dir='ltr'><em>A</em></span> <span class='ocrx_word' id='word_1_227' title='bbox 761 2138 823 2167; x_wconf 89' lang='lat'>517</span> <span class='ocrx_word' id='word_1_228' title='bbox 848 2127 915 2166; x_wconf 85' lang='lat' dir='ltr'>Qui</span> <span class='ocrx_word' id='word_1_229' title='bbox 933 2138 1024 2158; x_wconf 88' lang='lat' dir='ltr'>nunc</span> <span class='ocrx_word' id='word_1_230' title='bbox 1039 2127 1120 2167; x_wconf 89' lang='lat' dir='ltr'>quin</span> <span class='ocrx_word' id='word_1_231' title='bbox 1135 2128 1235 2158; x_wconf 83' lang='lat' dir='ltr'>tantis</span> <span class='ocrx_word' id='word_1_232' title='bbox 1247 2127 1376 2167; x_wconf 71' lang='lat' dir='ltr'>positus</span> <span class='ocrx_word' id='word_1_233' title='bbox 1389 2127 1449 2167; x_wconf 75' lang='lat' dir='ltr'>siis</span> 
     </span>
     <span class='ocr_line' id='line_1_31' title="bbox 112 2170 1450 2212; baseline 0.001 -12"><span class='ocrx_word' id='word_1_234' title='bbox 112 2170 346 2201; x_wconf 86' lang='lat' dir='ltr'>sententeisA</span> <span class='ocrx_word' id='word_1_235' title='bbox 394 2171 456 2202; x_wconf 85' lang='lat' dir='ltr'>sim</span> <span class='ocrx_word' id='word_1_236' title='bbox 468 2171 500 2201; x_wconf 92' lang='lat' dir='ltr'><em>E</em></span> <span class='ocrx_word' id='word_1_237' title='bbox 585 2171 716 2210; x_wconf 86' lang='lat'>518-20</span> <span class='ocrx_word' id='word_1_238' title='bbox 738 2171 848 2202; x_wconf 86' lang='lat' dir='ltr'>om.A</span> <span class='ocrx_word' id='word_1_239' title='bbox 866 2173 1014 2212; x_wconf 80' lang='lat' dir='ltr'>(propter</span> <span class='ocrx_word' id='word_1_240' title='bbox 1023 2171 1242 2202; x_wconf 79' lang='lat' dir='ltr'>homoeoarch.</span> <span class='ocrx_word' id='word_1_241' title='bbox 1258 2171 1284 2210; x_wconf 69' lang='lat'>2)</span> <span class='ocrx_word' id='word_1_242' title='bbox 1383 2180 1450 2210; x_wconf 88' lang='lat'>520</span> 
     </span>
     <span class='ocr_line' id='line_1_32' title="bbox 112 2213 1448 2254; baseline 0.001 -10"><span class='ocrx_word' id='word_1_243' title='bbox 112 2214 328 2253; x_wconf 88' lang='lat' dir='ltr'>depeculatui</span> <span class='ocrx_word' id='word_1_244' title='bbox 341 2213 534 2245; x_wconf 82' lang='lat' dir='ltr'>Buecheler:</span> <span class='ocrx_word' id='word_1_245' title='bbox 558 2214 797 2254; x_wconf 85' lang='lat' dir='ltr'>depeculatum</span> <span class='ocrx_word' id='word_1_246' title='bbox 829 2214 893 2245; x_wconf 86' lang='lat' dir='ltr'>cod.</span> <span class='ocrx_word' id='word_1_247' title='bbox 1029 2224 1090 2254; x_wconf 87' lang='lat'>521</span> <span class='ocrx_word' id='word_1_248' title='bbox 1118 2215 1148 2245; x_wconf 90' lang='lat' dir='ltr'>ei</span> <span class='ocrx_word' id='word_1_249' title='bbox 1167 2215 1237 2245; x_wconf 87' lang='lat' dir='ltr'>seic</span> <span class='ocrx_word' id='word_1_250' title='bbox 1251 2215 1284 2244; x_wconf 98' lang='lat' dir='ltr'><em>A</em></span> <span class='ocrx_word' id='word_1_251' title='bbox 1301 2225 1307 2244; x_wconf 92' lang='lat'><strong>:</strong></span> <span class='ocrx_word' id='word_1_252' title='bbox 1333 2215 1382 2245; x_wconf 86' lang='lat' dir='ltr'>eis</span> <span class='ocrx_word' id='word_1_253' title='bbox 1399 2215 1448 2246; x_wconf 88' lang='lat' dir='ltr'>sic</span> 
     </span>
     <span class='ocr_line' id='line_1_33' title="bbox 112 2256 1446 2299; baseline 0.001 -12"><span class='ocrx_word' id='word_1_254' title='bbox 112 2256 164 2288; x_wconf 91' lang='lat' dir='ltr'>P:</span> <span class='ocrx_word' id='word_1_255' title='bbox 202 2258 267 2288; x_wconf 89' lang='lat' dir='ltr'>mei</span> <span class='ocrx_word' id='word_1_256' title='bbox 300 2258 375 2299; x_wconf 75' lang='lat' dir='ltr'>(mi)</span> <span class='ocrx_word' id='word_1_257' title='bbox 407 2259 455 2289; x_wconf 87' lang='lat' dir='ltr'>sic</span> <span class='ocrx_word' id='word_1_258' title='bbox 485 2257 658 2288; x_wconf 77' lang='lat' dir='ltr'>Buecheler</span> <span class='ocrx_word' id='word_1_259' title='bbox 808 2268 871 2297; x_wconf 87' lang='lat'>522</span> <span class='ocrx_word' id='word_1_260' title='bbox 895 2262 996 2297; x_wconf 84' lang='lat' dir='ltr'>atque</span> <span class='ocrx_word' id='word_1_261' title='bbox 1020 2257 1107 2290; x_wconf 87' lang='lat' dir='ltr'>codd.</span> <span class='ocrx_word' id='word_1_262' title='bbox 1211 2268 1266 2289; x_wconf 88' lang='lat' dir='ltr'>me</span> <span class='ocrx_word' id='word_1_263' title='bbox 1291 2258 1446 2298; x_wconf 71' lang='lat' dir='ltr'>minoris]</span> 
     </span>
     <span class='ocr_line' id='line_1_34' title="bbox 113 2301 1446 2341; baseline 0.002 -10"><span class='ocrx_word' id='word_1_264' title='bbox 113 2302 308 2332; x_wconf 83' lang='lat' dir='ltr'>memineris</span> <span class='ocrx_word' id='word_1_265' title='bbox 324 2302 358 2332; x_wconf 90' lang='lat' dir='ltr'><em>P</em></span> <span class='ocrx_word' id='word_1_266' title='bbox 442 2301 526 2332; x_wconf 88' lang='lat' dir='ltr'>facio</span> <span class='ocrx_word' id='word_1_267' title='bbox 543 2301 590 2331; x_wconf 74' lang='lat' dir='ltr'>bis</span> <span class='ocrx_word' id='word_1_268' title='bbox 604 2301 637 2331; x_wconf 88' lang='lat' dir='ltr'><em>A</em></span> <span class='ocrx_word' id='word_1_269' title='bbox 759 2311 823 2341; x_wconf 84' lang='lat'>523</span> <span class='ocrx_word' id='word_1_270' title='bbox 847 2302 1003 2332; x_wconf 86' lang='lat' dir='ltr'>conditor</span> <span class='ocrx_word' id='word_1_271' title='bbox 1018 2301 1053 2331; x_wconf 86' lang='lat' dir='ltr'><em>P</em></span> <span class='ocrx_word' id='word_1_272' title='bbox 1068 2302 1118 2341; x_wconf 85' lang='lat' dir='ltr'>(cf.</span> <span class='ocrx_word' id='word_1_273' title='bbox 1141 2301 1231 2332; x_wconf 81' lang='lat' dir='ltr'>Cure.</span> <span class='ocrx_word' id='word_1_274' title='bbox 1251 2311 1270 2341; x_wconf 89' lang='lat'>5</span> <span class='ocrx_word' id='word_1_275' title='bbox 1291 2303 1446 2333; x_wconf 88' lang='lat' dir='ltr'>conditus</span> 
     </span>
     <span class='ocr_line' id='line_1_35' title="bbox 107 2345 1444 2386; baseline 0.001 -12"><span class='ocrx_word' id='word_1_276' title='bbox 107 2349 170 2384; x_wconf 82' lang='lat' dir='ltr'>pro</span> <span class='ocrx_word' id='word_1_277' title='bbox 185 2345 374 2385; x_wconf 75' lang='lat' dir='ltr'>condictus)</span> <span class='ocrx_word' id='word_1_278' title='bbox 508 2354 572 2384; x_wconf 87' lang='lat'>525</span> <span class='ocrx_word' id='word_1_279' title='bbox 596 2345 665 2376; x_wconf 88' lang='lat' dir='ltr'>uidi</span> <span class='ocrx_word' id='word_1_280' title='bbox 683 2355 827 2376; x_wconf 87' lang='lat' dir='ltr'>excusso</span> <span class='ocrx_word' id='word_1_281' title='bbox 843 2356 908 2376; x_wconf 85' lang='lat' dir='ltr'>om.</span> <span class='ocrx_word' id='word_1_282' title='bbox 922 2345 961 2382; x_wconf 81' lang='lat' dir='ltr'>P,</span> <span class='ocrx_word' id='word_1_283' title='bbox 980 2346 1085 2384; x_wconf 79' lang='lat' dir='ltr'>spatio</span> <span class='ocrx_word' id='word_1_284' title='bbox 1103 2345 1203 2376; x_wconf 79' lang='lat' dir='ltr'>relicto</span> <span class='ocrx_word' id='word_1_285' title='bbox 1221 2346 1231 2379; x_wconf 88' lang='lat'><em>(</em></span> <span class='ocrx_word' id='word_1_286' title='bbox 1236 2347 1269 2375; x_wconf 82' lang='lat' dir='ltr'>in</span> <span class='ocrx_word' id='word_1_287' title='bbox 1287 2346 1444 2386; x_wconf 79' lang='lat' dir='ltr'>archetypt</span> 
     </span>
    </p>
   </div>
   <div class='ocr_carea' id='block_1_8' title="bbox 112 2387 1423 2430">
    <p class='ocr_par' dir='ltr' id='par_1_21' title="bbox 112 2387 1423 2430">
     <span class='ocr_line' id='line_1_36' title="bbox 112 2387 1423 2430; baseline 0.001 -12"><span class='ocrx_word' id='word_1_288' title='bbox 112 2387 167 2418; x_wconf 78' lang='grc' dir='ltr'>ΡΑ</span> <span class='ocrx_word' id='word_1_289' title='bbox 175 2389 303 2429; x_wconf 81' lang='lat' dir='ltr'>pagina</span> <span class='ocrx_word' id='word_1_290' title='bbox 309 2389 456 2427; x_wconf 80' lang='lat' dir='ltr'>fenestra</span> <span class='ocrx_word' id='word_1_291' title='bbox 471 2392 561 2425; x_wconf 82' lang='lat' dir='ltr'>erat;</span> <span class='ocrx_word' id='word_1_292' title='bbox 577 2389 614 2427; x_wconf 69' lang='lat' dir='ltr'>qs.</span> <span class='ocrx_word' id='word_1_293' title='bbox 633 2399 662 2419; x_wconf 79' lang='lat' dir='ltr'>v.</span> <span class='ocrx_word' id='word_1_294' title='bbox 682 2390 760 2428; x_wconf 70' lang='lat'>539)</span> <span class='ocrx_word' id='word_1_295' title='bbox 894 2390 1024 2428; x_wconf 86' lang='lat'>526-40</span> <span class='ocrx_word' id='word_1_296' title='bbox 1048 2389 1081 2418; x_wconf 89' lang='lat' dir='ltr'>in</span> <span class='ocrx_word' id='word_1_297' title='bbox 1098 2389 1131 2418; x_wconf 84' lang='lat' dir='ltr'><em>A</em></span> <span class='ocrx_word' id='word_1_298' title='bbox 1147 2394 1253 2429; x_wconf 76' lang='lat' dir='ltr'>pauca</span> <span class='ocrx_word' id='word_1_299' title='bbox 1270 2389 1423 2430; x_wconf 78' lang='lat' dir='ltr'>leguntur</span> 
     </span>
    </p>
   </div>
  </div>
 </body>
</html>
