1727 2702
153 128 206 166 11.
230 99 305 166 vin
647 130 694 167 T.
730 130 910 169 MACCI
944 130 1146 168 PLAvrl

227 240 354 280 ‘tabeo
375 239 492 278 iratus
514 239 632 286 illinc,
655 239 869 290 quoniam†
892 240 987 278 nihil
1009 248 1068 279 est
1089 240 1156 291 qui
1177 254 1318 280 emam.

227 303 280 343 ita
300 304 373 343 inis
394 304 541 355 inpuris
563 304 748 344 omnibus
768 305 846 344 adii
869 319 1041 344 manum.

227 369 374 408 deinde
394 377 550 419 egomet
572 383 727 408 mecum
748 370 919 420 cogitare
939 369 1124 409 interuias

171 451 210 473 10
229 433 365 484 occepi
383 449 390 471 :
421 435 520 472 festo
540 433 605 473 die
626 433 657 473 si
678 434 774 485 quid
796 434 1031 485 prodegeris,
1580 441 1649 479 380

228 501 401 549 profesto
422 513 534 550 egere
555 499 680 546 liceat,
703 499 777 538 nisi
798 499 1028 551 peperceris.

226 572 436 615 postquam
459 566 561 603 hanc
582 564 773 603 rationem
796 565 919 604 uentri
942 564 1132 615 cordique
1151 565 1270 613 edidi,

224 630 388 668 accessit
409 630 564 669 animus
584 631 635 669 ad
657 644 784 669 meam
807 630 1055 677 sententiam,

225 709 343 745 quam
367 695 531 733 minimo
552 702 712 746 sumptu
735 695 853 733 filiarn
875 703 917 733 ut
939 703 1106 745 nuptum
1127 697 1272 735 darem.

169 775 206 807 15
226 774 330 798 nunc
353 762 549 799 tusculum
571 760 648 799 emi
669 768 708 798 et
729 761 833 799 hasc'
854 774 1020 799 coronas
1041 761 1203 799 floreas:
1579 766 1643 811 385

226 828 322 866 haec
344 826 597 877 imponentur
618 826 657 864 in
679 827 769 865 foco
790 834 925 865 nostro
948 825 1047 873 Lari,

226 900 268 930 ut
289 893 504 931 fortunatas
525 891 640 930 faciat
660 899 802 941 gnatae
823 891 989 942 nuptias.

227 959 295 997 sed
317 957 412 1008 quid
433 972 506 1009 ego
526 964 679 1008 apertas
699 957 810 996 aedis
831 964 983 995 nostras
1003 956 1241 1008 conspicor?

226 1031 264 1061 et
285 1023 484 1074 strepitust
505 1023 620 1062 intus.
680 1036 871 1061 numnam
893 1036 966 1073 ego
986 1022 1178 1073 compilor
1198 1022 1344 1061 miser?

169 1103 207 1125 20
227 1090 299 1128 Co.
331 1090 461 1127 aulam
484 1088 683 1136 maiorem,
706 1088 738 1127 si
759 1095 863 1139 pote,
886 1101 932 1127 ex
953 1087 1097 1126 uicinia
1579 1100 1647 1135 390

226 1162 338 1204 pete:
369 1155 466 1193 haec
488 1161 546 1193 est
566 1167 697 1204 parua,
721 1166 860 1204 capere
881 1166 962 1192 non
983 1152 1078 1203 quit.
1140 1154 1236 1191 Evc.
1269 1152 1304 1192 ei
1327 1151 1434 1199 mihi,

226 1219 319 1269 perii
342 1220 481 1258 hercle.
541 1221 680 1258 aurum
702 1218 858 1270 rapitur,
879 1220 969 1257 aula
989 1217 1196 1268 quaeritur.

270 1284 454 1322 nimirum
471 1284 641 1331 occidor,
651 1283 725 1322 nisi
739 1297 812 1334 ego
827 1283 928 1322 intro
942 1284 1019 1321 huc
1034 1296 1198 1334 propere
1211 1297 1379 1334 propero
1392 1296 1554 1322 currere.

226 1352 381 1401 Apollo,
405 1364 564 1400 quaeso,
587 1348 755 1388 subueni
777 1348 830 1387 mi
849 1356 968 1399 atque
988 1348 1144 1396 adiuua,

168 1431 207 1462 ²5
227 1417 381 1466 confige
402 1415 549 1465 sagittis
570 1416 672 1454 fures
693 1413 993 1461 thensaurarios,
1577 1422 1642 1460 395

227 1481 293 1532 qui
321 1481 325 1532 Ι
352 1481 389 1519 in
412 1495 450 1519 re
472 1480 537 1519 tali
559 1479 636 1519 iarn
657 1479 875 1519 subuenisti
896 1479 1093 1519 antidhac.

227 1548 297 1586 sed
318 1560 428 1586 cesso
450 1545 545 1596 priu'
566 1559 686 1596 quam
708 1558 846 1597 prosus
867 1544 962 1596 perii
983 1559 1145 1584 currere.

162 1658 206 1695 ix
752 1657 1032 1694 ANTHRAx

226 1742 304 1778 ΛΝ.
340 1741 502 1786 Dromo,
524 1739 741 1789 desquama
761 1736 888 1788 piscis.
949 1745 1002 1784 tu,
1026 1736 1265 1783 Machaerio,

224 1818 425 1855 congrum,
450 1817 651 1841 murenam
674 1803 867 1841 exdorsua
887 1810 1078 1853 quantum
1101 1809 1240 1852 potest.

224 1884 298 1920 ego
319 1869 410 1907 hinc
431 1876 625 1918 artoptam
647 1882 693 1906 ex
714 1881 907 1918 proxumo
929 1868 1118 1906 utendam
1140 1874 1233 1916 peto
1573 1880 1643 1915 400

268 1984 330 2013 377
355 1973 432 2003 illim
453 1973 556 2003 iratus
570 1972 671 2002 Bothe
738 1969 922 2014 <mihi>ni1
941 1969 1087 2011 Wagner
1142 1970 1223 2010 sort.
1243 1969 1356 2001 abbito
1374 1994 1381 2001 .
1403 1994 1409 2001 .
1429 1995 1434 2001 .
1453 1981 1553 2010 quom

225 2019 284 2057 38¹
314 2016 509 2056 peperceris
534 2017 589 2046 vix
617 2015 778 2046 Plautina
799 2015 917 2054 sot-ma
1030 2013 1094 2044 nisi
1120 2014 1147 2044 si
1178 2014 1327 2054 parseris
1352 2013 1552 2045 Abraham:

217 2061 294 2099 sort.
311 2072 340 2091 n.
357 2061 543 2099 reperscris
555 2059 607 2099 (cs.
625 2059 713 2089 Truc.
728 2069 790 2099 375
805 2058 1019 2098 pepercisses
1032 2063 1094 2098 pro
1105 2058 1271 2097 parsisses
1287 2057 1336 2088 vel
1351 2057 1558 2097 repersisses

227 2105 276 2142 Λ)
389 2105 453 2143 385
476 2109 510 2134 ct
527 2103 644 2143 hasce]
665 2103 725 2133 hoc
743 2108 776 2132 et
793 2101 880 2132 codd.
902 2101 1066 2132 Prisciani
1084 2111 1110 2133 1.
1132 2111 1191 2140 104
1324 2101 1390 2139 386
1406 2101 1556 2140 impone·

227 2153 328 2178 untur
349 2147 413 2178 cod.
436 2153 510 2187 (pro
530 2151 617 2176 -unt-
635 2155 712 2176 corr.
729 2150 815 2176 -cnt-
834 2157 841 2179 ς
866 2146 907 2176 iv.
928 2150 962 2184 3)
1090 2153 1154 2184 390
1177 2148 1256 2184 pote
1279 2154 1323 2174 ex
1348 2143 1556 2175 Lambinus:

228 2198 324 2232 potes
349 2191 414 2222 cod.
446 2196 521 2231 ‹prr›
550 2195 650 2230 potcx
786 2199 846 2227 391
874 2194 927 2219 cst
954 2198 1058 2227 parua
1084 2187 1241 2227 Pylades:
1279 2197 1383 2227 parua
1411 2192 1463 2218 est
1490 2187 1556 2218 cod.

227 2245 290 2274 392
317 2235 430 2266 hercle
447 2232 556 2276 (ego)
573 2233 706 2273 Sqffcr!
837 2242 901 2272 393
925 2231 963 2272 cf.
989 2231 1035 2262 ad
1057 2241 1120 2270 242
1238 2239 1300 2270 395
1324 2231 1457 2270 sagittis
1475 2242 1553 2262 corr.

227 2290 265 2309 ex
280 2280 409 2317 sagitas
423 2277 487 2308 cod.
601 2277 666 2316 396
690 2276 739 2306 cui
758 2275 824 2307 cod.
844 2276 876 2307 (ι’.
890 2287 913 2306 c.
929 2275 1036 2314 quoin
1053 2286 1059 2304 ε
1083 2274 1167 2306 sicui
1189 2273 1314 2314 Ussing
1409 2274 1466 2305 tali
1492 2275 1555 2305 iam

230 2323 463 2353 Cama-rarius:
491 2321 569 2352 talia
593 2319 659 2350 cod.
766 2319 954 2350 subuenisti
976 2318 1067 2349 Ital.:
1091 2318 1252 2349 subuenit
1267 2316 1334 2348 cod.
1491 2318 1556 2357 398

229 2368 412 2405 desquama
439 2376 468 2404 p.
489 2364 576 2395 codd,
597 2363 701 2393 Nom'i
720 2372 784 2402 95:
812 2363 873 2392 des
897 2372 996 2402 quam
1022 2362 1144 2402 aspicis
1163 2360 1228 2393 cod.
1250 2361 1285 2401 (i.
1304 2362 1340 2397 6)
1492 2370 1557 2400 399

230 2411 398 2440 exdorsua
419 2415 578 2447 quantum
603 2411 717 2447 potest
737 2411 851 2446 (potes
871 2407 931 2446 95)
955 2404 1089 2436 Nonius
1109 2415 1146 2444 17
1168 2408 1195 2435 et
1215 2414 1268 2445 95.
1292 2405 1350 2444 qui
1371 2404 1469 2436 altero
1492 2404 1558 2435 loco

230 2454 362 2485 verbum
379 2456 533 2483 testatur:
558 2455 715 2483 exossata
732 2451 782 2482 sac
799 2450 889 2481 sient
906 2448 971 2481 cod.
992 2450 1018 2490 (³
1033 2454 1094 2490 pm
1111 2448 1156 2480 mi
1174 2458 1228 2480 ex.
1247 2448 1268 2479 s.
1288 2448 1333 2490 s.)
