1727 2702
138 76 203 116 Li
609 77 655 115 T.
689 77 869 116 MACCI
902 78 1104 116 PLAVTI

188 199 430 239 quamquam
452 187 561 226 illum
583 194 707 226 mater
725 195 806 226 arte
827 195 1092 238 contenteque
1118 188 1247 236 habet,

190 261 318 304 patres
339 261 380 292 ut
401 260 715 292 consueuerunt:
746 265 819 302 ego
840 252 954 290 mitto
974 253 1108 291 onmia
1127 254 1236 292 haec.

189 319 414 369 praesertim
438 332 558 368 quom
582 318 611 356 is
633 331 696 357 me
716 318 880 368 dignum
902 318 994 368 quoi
1016 319 1271 358 concrederet

126 387 169 430 ⁶5
190 383 338 430 habuit,
362 397 424 422 me
445 384 589 422 habere
611 384 802 422 honorem
823 383 906 422 eius
928 383 1086 433 ingenio
1105 384 1220 422 decet
1236 398 1247 431 3

189 462 311 500 quom
333 462 396 488 me
415 448 522 495 adiit,
546 456 588 487 ut
609 450 825 499 pudentem
845 456 1008 499 gnatum
1029 456 1237 498 aequomst
1257 455 1418 499 patrem,

189 514 308 566 cupio
328 528 413 554 esse
432 514 583 553 amicae
603 515 712 564 quod
733 515 800 553 det
820 522 1024 565 argentum
1046 527 1150 552 suae.

192 582 251 620 L1.
284 581 395 632 cupis
416 580 456 620 id
476 581 586 631 quod
607 593 751 630 cupere
771 588 810 618 te
831 580 1072 631 nequiquam
1094 579 1289 630 intellego.

189 648 363 686 dotalem
384 658 540 684 seruom
562 646 747 684 Sauream
775 643 891 698 (huc)
911 658 1007 684 uxor
1028 653 1095 685 tua

130 725 171 761 70
188 711 364 759 adduxit,
387 711 481 762 quoi
502 712 588 762 plus
609 710 648 748 in
670 724 790 749 manu
811 709 859 747 sit
879 722 998 759 quam
1020 708 1101 748 tibi.

192 779 268 817 DE.
298 784 503 828 argentum
523 776 670 827 accepi,
693 777 786 815 dote
807 774 1014 826 imperium
1037 774 1211 814 uendidi.

189 855 296 881 nunc
316 842 438 881 uerba
457 842 496 880 in
517 854 643 892 pauca
663 841 863 879 conferam
884 840 981 890 quid
1001 847 1039 879 te
1060 839 1191 879 uelim.

189 907 326 958 uiginti
348 907 425 946 iam
446 914 556 945 usust
577 906 658 945 filio
677 905 826 956 argenti
847 905 986 944 minis:
1036 902 1043 906 ’

190 974 276 1012 face
296 973 336 1011 id
358 980 399 1011 ut
421 979 599 1023 paratum
622 971 698 1009 iam
720 971 779 1009 sit.
840 972 899 1008 L1.
932 971 1039 1009 unde
1059 969 1267 1021 gentium?

130 1051 170 1088 75
194 1040 268 1078 DE.
301 1051 364 1077 me
384 1039 603 1077 defrudato.
664 1038 725 1075 L1.
757 1049 960 1074 maxumas
981 1049 1103 1086 nugas
1123 1036 1229 1086 agis:

191 1105 301 1143 nudo
317 1105 522 1143 detrahere
543 1102 779 1142 uestimenta
800 1115 863 1140 me
884 1101 1006 1140 iubes.

189 1169 396 1208 defrudem
418 1168 455 1207 te'
477 1170 579 1217 ego?
607 1181 678 1218 age
699 1167 749 1205 sis
771 1174 824 1214 tu,
847 1165 930 1205 sine
951 1165 1092 1217 pennis
1112 1167 1213 1205 uola.

191 1241 256 1273 ten
278 1246 351 1284 ego
372 1235 589 1280 defrudem‚
613 1234 707 1282 quoi
728 1232 801 1283 ipsi
823 1231 918 1270 nihil
939 1239 997 1270 est
1018 1231 1057 1269 in
1079 1245 1197 1270 manu

191 1299 264 1338 nisi
286 1298 381 1349 quid
402 1307 443 1337 tu
465 1311 580 1349 porro
602 1311 762 1336 uxorem
783 1296 1082 1335 defrudaueris?

131 1372 173 1404 80
193 1364 268 1403 DE.
301 1377 378 1414 qua
401 1377 474 1410 me,
497 1375 575 1413 qua
595 1375 770 1410 uxorem,
790 1374 869 1411 qua
889 1369 930 1400 tu
952 1374 1107 1400 seruom
1129 1362 1315 1400 Sauream

190 1437 314 1480 potes,
336 1429 599 1466 circumduce.
623 1428 756 1474 aufer3
786 1426 972 1476 promitto
993 1425 1063 1463 tibi

190 1507 272 1533 non
293 1495 517 1539 offuturum,
541 1492 571 1530 si
600 1493 604 1543 Ι
630 1492 669 1530 id
691 1491 810 1530 hodie
831 1491 1026 1529 ecfeceris.

144 1593 149 1606 ,
191 1560 251 1598 L1.
284 1559 420 1597 iubeas
441 1571 520 1596 una
539 1570 657 1608 opera
680 1570 742 1595 me
763 1555 902 1606 piscari
925 1555 963 1593 in
982 1569 1083 1602 aere,

190 1624 324 1664 uenari
344 1631 475 1662 autem
498 1622 577 1661 rete'
599 1622 727 1660 iaculo
748 1621 786 1659 in
809 1620 942 1660 medio
963 1620 1069 1659 mari.

131 1699 172 1739 85
192 1692 268 1728 DE.
301 1688 370 1727 tibi
392 1687 595 1739 optionem
617 1686 762 1725 sumito
784 1685 1018 1733 Leonidam,

191 1755 379 1794 fabricare
400 1753 571 1804 quiduis,
594 1752 753 1802 quiduis
774 1751 1098 1790 comminiscere:

191 1820 367 1872 perficito
393 1819 397 1870 Ι
424 1826 628 1868 argentum
650 1817 770 1856 hodie
791 1825 832 1855 ut
853 1817 997 1855 habeat
1018 1816 1120 1854 filius

190 1886 340 1925 amicae
361 1885 469 1934 quod
490 1885 567 1922 det.
630 1885 688 1921 Li.
721 1883 817 1932 quid
837 1882 893 1920 ais
915 1890 967 1928 tu,
994 1882 1266 1920 Demaenete?

194 1952 268 1989 DE.
301 1950 397 2000 quid
416 1948 493 2000 <uis
507 1948 541 2000 ?>
598 1949 659 1986 Lx.
691 1948 721 1985 si
743 1948 840 1985 forte
862 1947 901 1984 in
924 1946 1084 1984 insidias
1106 1947 1315 1991 deucnero,

236 2063 278 2093 79
295 2056 501 2084 consuerunt
513 2051 578 2082 cod.
595 2052 659 2091 (tle.
677 2056 766 2082 —sue-
779 2052 804 2091 2)
869 2051 911 2088 83
928 2051 964 2089 (f.
979 2049 1069 2089 ad51
1167 2047 1210 2087 85
1235 2047 1298 2078 huc
1315 2045 1391 2077 add.
1409 2045 1523 2077 Have!

195 2130 290 2171 (Rev.
309 2130 396 2161 Phil.
417 2140 470 2170 29,
495 2129 572 2169 180)
698 2129 741 2158 86
764 2128 806 2158 sit
823 2138 899 2157 cum
916 2138 983 2157 var.
1004 2127 1065 2158 lfct.
1085 2132 1136 2157 est
1154 2126 1217 2157 cod.
1323 2128 1367 2166 96
1388 2099 1447 2156 ’ἓξ
1455 2125 1519 2157 cod.

194 2174 296 2214 (unde
315 2185 366 2205 me
386 2179 456 2204 arte
480 2173 531 2212 B;
558 2174 599 2204 iv.
622 2173 652 2202 rN
810 2172 854 2210 98
878 2171 921 2201 sit
939 2172 1065 2211 (marg.
1086 2171 1131 2211 si)
1151 2171 1180 2200 h.
1201 2174 1238 2200 ut
1254 2169 1313 2201 vid.
1332 2169 1397 2200 cod.
1420 2169 1522 2210 (unde

194 2218 236 2248 sit
265 2218 366 2248 hodie
396 2219 423 2248 si
451 2217 493 2251 D.
523 2218 565 2247 sit
592 2216 624 2246 h.
650 2214 690 2252 E,
716 2215 744 2245 si
762 2215 794 2246 h.
820 2214 889 2254 B):
914 2213 941 2244 si
968 2215 999 2244 id
1025 2217 1105 2254 (om.
1134 2213 1248 2247 hodie)
1267 2213 1333 2244 cod.
1356 2213 1443 2243 Festi
1460 2214 1520 2252 198

199 2271 260 2292 100
284 2262 356 2297 reti,
377 2261 484 2291 iaculo
502 2260 617 2290 uenari
633 2263 745 2289 autern
764 2259 795 2288 in
814 2268 856 2288 m.
878 2267 919 2289 m.
945 2256 1067 2288 Vahlen
1190 2267 1248 2295 ¹03
1263 2257 1343 2296 furt.
1365 2256 1520 2296 perficito

195 2310 231 2335 tu
250 2316 278 2335 a.
392 2316 419 2334 a.
448 2305 510 2334 hoc
533 2303 633 2334 hodie
654 2301 792 2342 Pylades
896 2306 931 2331 ut
956 2302 1077 2332 habeat
1101 2301 1202 2332 hodie
1225 2300 1356 2331 Gm‘etus

196 2349 248 2384 uis
262 2347 337 2379 add.
354 2347 487 2385 Vahlen,
506 2347 562 2377 sed
575 2347 613 2390 cjss
637 2347 742 2384 Gom,
762 2345 887 2376 Schoell
898 2346 1000 2385 praes.

1460 2309 1521 2340 105

1540 1304 1582 1342 95

1543 1633 1610 1660 100

1543 1948 1606 1986 105
