1727 2702
163 114 216 150 ΙΙ.

238 113 267 150 ii
649 113 695 149 T.
731 111 910 151 MACCI
943 111 1147 149 PLAVTI

237 238 329 263 narn
363 225 473 275 quod
505 223 589 263 scio
621 236 742 264 omne
774 236 822 262 ex
855 223 932 262 hoc
966 221 1058 262 scio.
1117 223 1190 263 CA.
1221 235 1380 273 operam
1411 230 1454 260 ut
1481 223 1561 261 det.

1287 289 1355 325 ΡΑ.
1387 286 1565 326 dabit.—

237 356 309 396 CA.
342 354 433 393 facit
453 353 517 393 hic
537 354 646 404 quod
667 353 794 405 pauci,
816 361 858 392 ut
879 353 928 392 sit
948 352 1131 404 magistro
1157 351 1162 403 Ι
1187 365 1420 403 opsequens.

235 421 288 460 da
307 419 360 459 mi
381 419 495 470 igitur
513 433 684 470 operam.
744 420 816 459 Co.
849 427 928 458 tam
949 418 1022 457 etsi
1042 432 1122 457 non
1142 417 1248 465 noui,
1269 418 1386 457 dabo.

181 501 218 522 ιο
236 486 308 526 CA.
341 487 415 524 hac
435 492 551 524 nocte
571 484 612 523 in
633 484 782 524 somnis
802 484 910 522 uisus
930 497 1017 522 sum
1038 483 1205 522 uiderier
1584 486 1652 522 260

178 827 214 858 15

179 1152 218 1174 20

172 1833 216 1870 iii

235 551 372 601 procul
392 550 528 588 sedere
548 550 664 600 longe
683 563 708 588 a
727 563 790 588 me
811 548 1102 599 Aesculapium,

237 628 366 665 neque
387 627 478 654 eum
497 615 549 653 ad
570 627 634 653 me
652 613 761 653 adire
781 627 910 664 neque
931 627 994 652 me
1014 612 1144 664 magni
1165 613 1338 664 pendere

236 680 414 719 uisumst.
473 680 545 719 Co.
578 679 671 718 item
692 679 789 718 alios
810 680 906 718 deos
926 680 1096 718 facturos
1115 677 1288 718 scilicet:

236 758 330 784 sane
349 744 403 783 illi
424 743 524 783 inter
543 757 584 783 se
604 751 826 794 congruont
845 743 1101 783 concorditer.

236 809 333 848 nihil
353 817 411 849 est
431 809 654 848 mirandum
677 809 816 848 melius
836 809 867 847 si
889 809 985 847 nihil
1005 810 1048 847 fit
1067 808 1149 856 tibi,
1586 811 1651 856 265

237 888 407 925 namque
429 873 616 913 incubare
636 873 757 912 satius
778 881 816 913 te
836 875 959 913 fuerat
980 873 1080 921 Ioui,

236 939 303 991 qui
325 939 394 977 tibi
414 938 559 978 auxilio
579 938 618 976 in
641 938 723 978 iure
744 938 910 978 iurando
930 938 1011 977 fuit.

237 1006 310 1044 CA.
341 1004 537 1054 siquidem
559 1003 746 1043 incubare
768 1003 889 1042 uelint
910 1003 977 1054 qui
997 1002 1280 1054 peiierauerint,

237 1070 338 1109 locu'
358 1082 438 1108 non
459 1067 636 1120 praeberi
657 1068 760 1120 potis
781 1075 840 1107 est
858 1067 898 1107 in
920 1068 1129 1118 Capitolio.

238 1136 310 1174 Co.
343 1136 419 1173 hoc
438 1133 615 1173 animum
636 1135 825 1173 aduorte:
856 1147 995 1184 pacem
1014 1134 1065 1173 ab
1085 1133 1324 1185 Aesculapio
1586 1143 1655 1179 270

237 1207 356 1250 petas,
380 1213 430 1238 ne
451 1200 548 1238 forte
569 1198 641 1238 tibi
661 1198 818 1238 eueniat
838 1212 1025 1250 magnum
1046 1200 1204 1246 malurn,

237 1265 345 1315 quod
367 1263 405 1302 in
427 1264 559 1315 quiete
581 1263 651 1303 tibi
673 1271 947 1314 portentumst.
1007 1264 1079 1304 CA.
1111 1264 1214 1303 bene
1233 1265 1337 1304 facis.

237 1329 305 1368 ibo
324 1336 442 1380 atque
462 1329 729 1369 orabo—Co,
762 1342 864 1379 quae
885 1342 945 1368 res
965 1329 1068 1367 male
1087 1336 1215 1368 uortat
1236 1329 1305 1369 tibi
1322 1333 1383 1368 !-

238 1396 306 1433 ΡΑ.
339 1408 409 1446 pro
430 1394 471 1433 di
491 1394 730 1442 inmortales,
753 1408 873 1445 quem
893 1393 1126 1444 conspicio?
1156 1394 1242 1444 quis
1262 1394 1341 1434 illie
1360 1396 1448 1434 est?

236 1469 347 1500 estne
367 1461 431 1499 hic
450 1460 640 1511 parasitus
661 1460 729 1511 qui
749 1460 908 1499 missust
927 1459 967 1498 in
989 1459 1174 1500 Cariam?
1585 1470 1651 1510 273

237 1527 334 1564 heus
356 1526 613 1573 Phaedrome,
637 1525 707 1573 exi,
731 1525 802 1573 exi,
825 1524 899 1573 exi,
920 1525 1093 1575 inquam,
1115 1524 1225 1564 ocius
1243 1528 1251 1564 !

239 1593 312 1629 ΡΗ.
345 1591 441 1642 quid
461 1590 546 1630 istic
566 1592 779 1630 clamorem
801 1590 933 1629 tollis?
990 1591 1058 1628 ΡΑ.
1091 1589 1302 1640 parasitum
1323 1597 1432 1630 tuom

238 1656 356 1695 uideo
376 1663 596 1695 currentem
618 1657 738 1695 ellum
760 1668 885 1706 usque
905 1655 944 1693 in
965 1656 1094 1705 platea
1113 1656 1274 1693 ultuma.

238 1721 330 1760 hinc
350 1723 616 1760 auscultemus
637 1720 733 1771 quid
752 1728 850 1771 agat.
912 1721 985 1758 PH.
1018 1733 1112 1758 sane
1131 1733 1286 1759 censeo.

292 1832 582 1872 Cchvmo
694 1832 1082 1869 PHAEDROMVS
1193 1831 1517 1869 PALrwvnvs

237 1917 309 1956 Cv.
344 1917 446 1954 Date
484 1915 588 1953 uiam
629 1913 736 1961 mihi,
772 1913 855 1953 noti
895 1910 1046 1966 [atque]
1087 1912 1219 1964 ignoti,
1256 1913 1351 1951 dum
1390 1927 1463 1964 ego
1502 1914 1565 1953 hic
1584 1919 1653 1954 280

1240 1978 1411 2017 officium
1433 1992 1563 2018 meum

282 2097 345 2126 257
379 2086 427 2117 vel
455 2086 533 2117 det?
578 2085 831 2126 jnstmogathoe)
1008 2086 1070 2123 258
1105 2093 1130 2114 s.
1167 2083 1348 2122 magister-o
1386 2081 1452 2113 Leo
1466 2095 1472 2113 :
1512 2085 1568 2114 vix

239 2133 400 2170 magistro
426 2129 468 2160 sit
577 2129 656 2168 sort.
684 2134 718 2159 ut
744 2129 939 2168 magistrost
962 2130 1174 2168 opsequens!
1353 2128 1418 2157 260
1442 2127 1567 2159 tucrier

240 2173 425 2205 Lambinus
453 2176 460 2190 ‘
472 2173 648 2213 scripturae
665 2174 776 2203 veteris
796 2172 930 2203 obscura
952 2172 1083 2212 vestiga
1102 2174 1227 2202 secutus
1238 2169 1246 2182 ’
1263 2170 1323 2210 (an
1344 2170 1456 2201 codicis
1477 2171 1504 2201 T
1515 2173 1540 2211 3)
1557 2182 1563 2201 :

241 2218 358 2248 uidere
377 2227 441 2256 ego
453 2218 498 2257 (ἲ)
517 2217 582 2247 Leo
699 2217 762 2256 265
787 2217 828 2247 sit
846 2214 899 2246 PE
1025 2217 1086 2254 267
1111 2214 1269 2245 auxilium
1286 2213 1319 2244 Β
1436 2225 1493 2254 27ι
1521 2215 1569 2246 vel

241 2261 316 2292 sort*
363 2266 487 2291 euenat
499 2260 670 2292 Fleckeisen
753 2262 860 2300 274-6
875 2271 974 2301 coquo
986 2261 1154 2290 continua!
1162 2259 1226 2290 cod.
1317 2271 1378 2300 274
1397 2263 1472 2290 ante
1481 2259 1569 2289 hunc

241 2316 268 2336 v.
283 2316 413 2336 scaenae
428 2306 560 2336 initium
573 2306 704 2346 periisse
722 2305 817 2336 credit
831 2305 1002 2335 Fleckeisen
1061 2305 1138 2343 quis
1151 2303 1299 2343 vaadeS,
1313 2303 1446 2344 Sejfflrt
1463 2302 1562 2342 (Berl.

243 2349 325 2380 Phil.
349 2348 453 2381 lVoclt.
476 2360 522 2389 13,
543 2351 621 2389 278)
640 2361 647 2381 :
671 2350 726 2390 qui
741 2349 806 2380 cod.
910 2351 973 2388 276
993 2349 1078 2380 heus
1090 2346 1190 2390 (exi)
1205 2347 1416 2379 Camerarius
1504 2357 1566 2387 277

242 2395 322 2434 quid
337 2394 410 2425 Ital.
428 2405 434 2424 :
458 2395 514 2434 qui
531 2393 595 2425 rod.
699 2394 763 2432 278
787 2394 864 2424 uide
878 2397 1112 2424 occurrentem
1126 2391 1194 2423 cod.
1255 2391 1406 2422 eccillum
1419 2391 1563 2431 Mueller,

242 2439 295 2468 cui
305 2439 414 2468 hiatus
426 2442 500 2469 ante
508 2437 610 2469 ellum
623 2437 760 2478 displicet
849 2439 912 2468 280
936 2442 1034 2472 atque
1051 2435 1108 2467 del.
1128 2435 1257 2475 Bentley
1269 2435 1323 2476 (cf
1335 2434 1382 2466 ad
1389 2435 1421 2464 A
1427 2435 1471 2465 ul.
1488 2436 1565 2474 784)
