1727 2712
647 115 964 154 MERCATOR
1397 113 1467 150 IV.
1486 113 1533 149 iv

144 232 187 263 ut
207 224 339 263 ueniat
359 225 410 263 ad
431 238 494 263 me
515 224 592 262 iam
613 227 739 263 semul
760 227 1028 264 tecum—Sv.
1060 238 1176 264 eo.—

145 292 216 328 LY.
248 289 376 328 nescis
397 289 528 340 negoti
549 290 645 339 quid
667 290 725 337 sit,
749 304 858 338 uxor,
878 303 1054 340 opsecro.

57 366 127 403 790
145 354 372 406 concepteis
393 355 547 393 uerbeis
569 355 646 393 iam
668 356 939 394 iusiurandum
961 356 1066 394 dabo
1494 372 1536 404 50

147 433 210 459 me
230 433 449 471 numquam
469 419 684 470 quicquam
704 434 795 459 eum
816 420 1068 459 illa—iamne
1088 419 1184 458 abiit
1205 413 1328 469 S'yra?

146 485 242 536 perii
262 486 393 524 hercle
410 488 416 523 1
474 498 567 524 ecce
587 493 719 524 autem
740 487 838 524 haec
857 485 964 525 abiit.
1023 499 1097 524 uae
1118 484 1261 524 misero
1281 483 1377 522 mihi
1395 486 1403 523 !

145 558 185 588 at
205 558 256 597 te,
276 549 416 597 uicine,
439 550 479 588 di
500 551 678 600 deaeque
698 550 896 601 perduint,

146 628 237 653 eum
258 622 326 653 tua
344 615 471 653 amica
491 628 663 665 cumque
684 615 948 654 amationibus
965 618 972 654 ἔ

59 690 125 726 795
146 680 373 730 suspicione
393 680 572 731 impleuit
593 694 656 719 me
677 680 972 731 indignissume,
1495 693 1535 726 55

146 747 320 786 conciuit
340 746 463 785 hostis
485 746 593 785 domi
611 763 617 785 :
648 761 744 785 uxor
763 755 1011 786 acerrumast.

146 812 214 851 ibo
233 813 284 851 ad
304 813 433 850 forum
453 819 573 862 atque
596 812 839 862 Demiphoni
861 814 958 851 haec
979 815 1150 863 eloquar,

148 891 211 915 me
231 877 355 915 istanc
376 876 519 927 capillo
540 885 826 927 protracturum
847 891 933 916 esse
954 877 993 915 in
1014 877 1130 924 uiam,

147 941 222 980 nisi
242 941 334 979 hinc
354 941 517 980 abducit
538 955 618 991 quo
639 943 721 980 uolt
742 955 788 980 ex
808 941 916 980 hisce
936 942 1111 980 aedibus.

60 1012 130 1047 800
148 1020 254 1054 uxor,
277 1008 374 1044 heus
395 1009 514 1045 uxor!
543 1020 784 1056 quamquam
806 1014 847 1044 tu
868 1007 964 1045 irata
983 1020 1024 1044 es
1045 1006 1152 1053 mihi,
1494 1010 1540 1043 60

147 1072 294 1119 iubeas,
317 1071 348 1110 si
369 1071 508 1122 sapias,
531 1073 628 1110 haec
649 1071 777 1123 (hinc)
796 1071 898 1110 intro
917 1071 1123 1110 auferrier:

147 1137 287 1176 eade'm
307 1137 441 1176 licebit
462 1150 553 1176 mox
574 1151 715 1176 cenare
736 1137 944 1176 rectius.—

540 1249 684 1287 SYRA
795 1249 1093 1285 EVTYCHvs
1498 1253 1530 1280 v

149 1332 213 1369 SY.
247 1331 323 1368 Era
343 1343 423 1380 quo
445 1342 508 1368 me
529 1329 645 1376 misit,
667 1330 719 1367 ad
739 1337 905 1379 patrem,
925 1342 1005 1367 non
1026 1336 1083 1366 est
1104 1327 1238 1367 domi:

149 1409 213 1433 rus
233 1395 375 1433 abiisse
395 1395 541 1433 aibant.
601 1408 708 1432 nunc
729 1395 894 1432 domum
916 1393 1109 1432 renuntio.

62 1466 127 1511 805
150 1462 224 1499 Ev.
255 1461 432 1499 defessus
451 1473 538 1498 sum
561 1460 699 1498 urbem
721 1467 844 1498 totam
865 1458 1135 1509 peruenarier:

148 1525 246 1564 nihil
267 1525 461 1578 inuestigo
482 1525 695 1576 quicquam
717 1526 767 1563 de
789 1524 853 1562 illa
874 1523 1046 1562 muliere.

149 1591 219 1630 sed
240 1598 363 1629 mater
381 1604 468 1628 rure
489 1590 613 1637 rediit,
638 1603 729 1628 nam
751 1589 871 1629 uideo
892 1590 1026 1639 Syram
1498 1603 1516 1634 5

147 1663 273 1695 astare
292 1663 384 1694 ante
403 1654 522 1694 aedis.
583 1656 700 1705 Syra!
758 1657 822 1694 ΞΥ.
845 1655 933 1705 quis
954 1663 1011 1693 est
1032 1653 1099 1704 qui
1122 1667 1184 1692 me
1205 1655 1350 1692 uocat?

149 1723 223 1760 Ev.
254 1734 342 1760 erus
361 1728 481 1771 atque
500 1722 684 1759 alumnus
705 1722 786 1760 tuo'
806 1734 905 1759 sum.
965 1721 1027 1758 ΞΥ.
1061 1721 1179 1765 salue,
1202 1719 1412 1757 alumnule.

61 1792 129 1826 810
150 1788 222 1825 Ev.
255 1786 332 1824 iam
353 1794 476 1825 mater
495 1800 583 1826 rure
603 1786 747 1825 rediit?
777 1787 973 1836 responde
994 1785 1100 1823 mihi.

150 1852 213 1890 Sv.
246 1864 337 1889 cum
358 1851 520 1901 quidem
542 1853 666 1890 salute
688 1850 848 1889 familiai
870 1863 1063 1888 maxuma.

150 1917 222 1954 Ev.
255 1915 351 1966 quid
371 1916 471 1954 istuc
491 1916 691 1967 negotist?
748 1917 812 1954 Sv.
845 1917 924 1954 tuo'
945 1922 1053 1965 pater
1076 1913 1326 1953 bellissumus
1501 1928 1539 1950 10

148 1981 316 2020 amicam
337 1981 500 2020 adduxit
521 1981 623 2020 intro
644 1982 684 2019 in
704 1981 824 2020 aedis.
885 1983 957 2018 Ev.
990 1993 1069 2030 quo
1091 1980 1242 2018 modo?

149 2048 212 2085 Sv.
244 2046 462 2085 adueniens
483 2055 607 2085 mater
627 2060 714 2085 rure
735 2060 821 2085 eam
843 2045 1009 2084 offendit
1029 2044 1149 2084 domi.

62 2116 128 2161 815
151 2113 223 2149 Ev.
256 2113 321 2161 pol
342 2112 419 2149 hau
441 2112 652 2150 censebam
673 2111 835 2150 istarum
856 2124 941 2149 esse
962 2123 1168 2161 operarum
1189 2117 1351 2160 patrem.

150 2176 268 2215 etiam
289 2189 395 2214 nunc
415 2176 554 2215 mulier
574 2176 724 2214 intust?
780 2178 844 2215 SY.
876 2175 1005 2214 etiam.
1066 2177 1136 2213 EV.
1166 2188 1329 2225 sequere
1349 2188 1480 2213 me.—

195 2281 258 2320 788
281 2280 393 2311 simitu
411 2280 538 2312 Ritschl
554 2281 601 2310 <A
621 2292 653 2311 n.
675 2281 725 2320 L),
745 2281 799 2311 cm·
809 2280 946 2321 displicet
960 2280 1072 2310 hiatus
1087 2284 1196 2310 tecum
1218 2278 1223 2320 ἰ
1244 2289 1285 2309 60
1415 2280 1480 2319 789

151 2324 284 2355 neseeis
299 2325 331 2355 A
468 2335 533 2364 790
555 2324 673 2354 desinit
686 2324 719 2353 A
855 2325 919 2363 796
943 2323 1032 2354 domi
1049 2322 1137 2365 (mi)
1154 2321 1286 2362 Ritschl,
1306 2322 1360 2353 cui
1371 2322 1481 2353 ln‘atus

149 2368 184 2397 in
195 2373 307 2408 pausa
323 2368 463 2408 displicet
572 2378 633 2407 797
657 2368 740 2398 haec
757 2367 844 2398 dem.
864 2368 928 2398 cod.
947 2378 954 2398 :
970 2367 1042 2397 trai.
1062 2366 1203 2406 Pylades
1311 2367 1372 2396 801
1399 2367 1478 2397 hinc

150 2411 227 2443 add.
246 2413 336 2452 (post
350 2412 454 2451 intro)
469 2411 609 2451 Pylades
697 2412 761 2450 809
785 2411 955 2441 alumnule
970 2410 1117 2441 Schoell:
1140 2409 1276 2440 alumne
1292 2409 1356 2439 cod.
1376 2410 1420 2451 (v.
1439 2410 1476 2450 8)

149 2456 211 2485 811
239 2455 308 2486 Sua
325 2465 380 2495 qu.
401 2465 426 2487 s.
442 2466 481 2486 ac
499 2454 520 2486 f.
536 2454 746 2486 Cameram'us
834 2454 969 2485 familiai
986 2454 1109 2486 Bothe:
1133 2453 1279 2484 afamilia
1295 2453 1359 2484 cod.
