1727 2712
685 168 1012 205 AVLVLARIA
1439 165 1509 204 IV.
1530 165 1577 203 vi

181 279 248 330 qui
269 278 458 318 indicium
480 278 581 325 fecit,
605 286 647 317 ut
667 292 740 329 ego
760 278 838 316 illic
858 277 1007 328 aliquid
1028 277 1123 316 boni
1532 290 1550 321 5

180 344 311 384 dicam
326 359 336 392 3
366 358 456 382 nam
479 345 587 394 quod
608 343 689 383 edit
710 351 788 381 tam
811 342 920 381 duim
943 356 1061 392 quam
1083 341 1276 393 perduim.

181 423 286 448 nunc
307 410 383 448 hoc
404 408 470 447 ubi
491 410 720 459 apstrudam
741 407 872 458 cogito
893 409 1019 446 solum
1042 409 1184 446 locum.

180 474 328 514 Siluani
349 476 460 512 lucus
481 482 587 513 extra
608 487 762 512 murum
784 481 842 511 est
861 472 985 520 auius,

91 550 135 591 67
141 557 157 593 5
178 541 316 579 crebro
336 539 473 578 salicto
493 541 686 590 oppletus.
746 538 799 577 ibi
821 552 975 577 sumam
996 539 1139 577 locum.

177 613 374 652 certumst,
399 604 560 643 Siluano
582 604 710 655 potius
732 605 890 642 credam
912 617 1031 654 quam
1054 603 1218 642 Fide.-
1533 620 1571 642 10

178 672 221 709 L.
244 673 281 710 S.
313 684 445 720 eugae‚
470 684 603 720 eugae,
626 670 667 709 di
689 684 751 708 me
772 671 923 707 saluom
946 677 984 707 et
1005 677 1203 707 seruatum
1226 670 1374 707 uolunt.

177 735 254 774 iarn
284 750 357 786 ego
387 735 478 774 illuc
509 749 754 786 praecurram
784 742 903 785 atque
930 734 1161 773 inscendam
1190 733 1362 784 aliquam
1393 733 1431 771 in
1456 747 1512 771 ar-

1375 799 1510 838 borem

177 866 350 916 indeque
371 867 593 916 opseruabo
620 864 624 917 Ι
650 879 787 904 aurum
810 865 877 904 ubi
899 866 1102 915 apstrudat
1124 878 1252 904 senex.

88 937 160 972 680
176 944 418 980 quamquam
440 930 503 970 hic
525 945 682 969 manere
704 930 767 968 me
789 944 875 968 erus
897 944 982 968 sese
1003 929 1190 977 iusserat3

177 1003 327 1034 certum
349 1003 416 1043 est,
442 997 585 1033 malam
606 1009 687 1034 rem
709 995 839 1046 potius
861 1008 1045 1045 quaeram
1068 1008 1158 1033 cum
1180 996 1355 1033 lucro.—
1531 1009 1568 1041 15

247 1109 574 1146 choN1DEs
706 1109 978 1146 EVNOMlA
1091 1105 1429 1157 (PHAEDRIA)
1530 1101 1591 1140 vii

179 1191 249 1228 Lv.
285 1190 374 1229 Dixi
396 1190 476 1237 tibi,
501 1197 634 1237 mater,
658 1189 764 1228 iuxta
785 1204 940 1228 mecum
963 1204 1041 1228 rem
1066 1197 1185 1235 teneS‚

177 1268 292 1305 super
314 1255 517 1294 Euclionis
539 1254 626 1293 filia.
687 1269 793 1293 nunc
814 1262 851 1293 te
873 1268 1037 1304 opsecro

176 1333 420 1370 resecroque,
444 1327 577 1367 mater,
600 1321 709 1370 quod
730 1321 882 1358 dudum
905 1332 1227 1370 opsecraueram:

89 1389 155 1434 685
176 1385 236 1423 fac
258 1385 500 1424 mentionem
524 1399 614 1424 cum
635 1387 818 1432 aunculo,
842 1392 966 1424 mater
987 1399 1083 1424 mea.

177 1450 280 1488 EVN.
314 1450 389 1489 scis
414 1459 496 1489 tute
519 1452 619 1489 facta
640 1452 741 1489 uelle
762 1464 825 1489 me
846 1464 947 1500 quae
968 1458 1009 1488 tu
1031 1450 1140 1498 uelis,
1531 1463 1551 1496 5

176 1523 214 1553 et
234 1515 334 1555 istuc
355 1518 516 1556 confido
538 1515 597 1569 (a)
619 1518 733 1555 fratre
755 1530 818 1555 me
839 1515 1110 1566 impetrassere
1126 1531 1136 1564 ;

175 1588 214 1619 et
234 1595 372 1621 caussa
392 1581 493 1621 iusta
513 1590 582 1630 est,
606 1581 802 1632 siquidem
825 1581 877 1619 ita
897 1589 956 1620 est
976 1589 1018 1619 ut
1039 1581 1253 1631 praedicas,

175 1653 214 1685 te
234 1660 321 1685 eam
342 1647 622 1698 compressisse
642 1646 891 1686 uinolentum
913 1645 1112 1696 uirginem.

87 1714 158 1758 690
177 1712 246 1750 Lv.
279 1725 405 1763 egone
426 1720 468 1751 ut
489 1720 527 1752 te
547 1714 763 1752 aduorsum
784 1710 959 1758 mentiar,
984 1719 1107 1749 mater
1127 1713 1244 1750 mea?

176 1778 249 1815 PH.
284 1777 396 1825 Perii,
420 1792 509 1818 mea
528 1778 667 1817 nutrix.
728 1791 893 1828 opsecro
915 1784 963 1823 te,
987 1784 1140 1815 uterum
1162 1778 1280 1816 dolet.
1530 1792 1570 1815 10

176 1843 280 1881 Iuno
302 1842 462 1891 Lucina,
486 1850 594 1882 tuam
616 1844 736 1882 fidem
755 1846 760 1881 !
820 1845 889 1881 ΙΝ.
923 1855 998 1889 em,
1021 1849 1144 1880 mater
1165 1856 1263 1889 mea,

175 1906 245 1945 tibi
267 1922 348 1947 rem
369 1908 563 1959 potiorem
584 1909 704 1948 uideo
722 1924 728 1947 :
759 1911 912 1956 clamat,
936 1907 1109 1959 parturit.

176 1973 278 2011 EVN.
312 1973 323 2011 i
344 1974 418 2012 hac
439 1973 541 2013 intro
563 1988 730 2021 mecum,
754 1983 870 2024 gnate
892 1974 957 2021 mi,
979 1975 1030 2013 ad
1051 1975 1207 2013 fratrem
1229 1988 1373 2023 meum,

217 2079 281 2116 672
307 2083 374 2108 tam
389 2079 478 2108 dium
490 2089 590 2118 quam
606 2079 759 2118 perdium
774 2078 841 2110 cod.
857 2090 863 2109 :
890 2090 968 2110 corr.
983 2079 1195 2110 Cameram'us
1326 2080 1387 2119 674
1415 2078 1509 2110 lucus

173 2121 261 2153 codd.
280 2121 385 2152 Nonii
399 2124 462 2162 396
477 2133 482 2152 :
508 2123 600 2152 lacus
617 2122 682 2154 cod.
773 2123 871 2154 auius
891 2122 979 2154 codd.
997 2123 1104 2154 Now:
1129 2125 1227 2154 aulus
1245 2122 1310 2154 cod.
1444 2124 1508 2162 675

174 2165 292 2196 creber
307 2166 427 2196 salictu
445 2165 532 2197 codd.
560 2165 644 2197 Non.
779 2167 841 2206 677
867 2167 946 2206 suge
972 2166 1049 2206 fuge
1072 2166 1137 2198 cod.
1158 2179 1164 2197 :
1187 2178 1266 2198 corr.
1296 2167 1509 2198 Camerarius

173 2209 238 2247 678
262 2219 456 2248 percurram
473 2209 537 2240 cod.
630 2211 695 2250 679
719 2210 768 2240 vel
782 2209 919 2249 ind’que
1024 2216 1126 2250 atque
1143 2211 1221 2241 inde
1239 2221 1267 2241 ο.
1288 2222 1339 2241 au.
1359 2211 1486 2240 Parcus
1501 2222 1508 2241 z

174 2251 195 2283 i.
214 2262 244 2283 o.
262 2251 371 2295 (hoc)
388 2263 504 2284 aurum
523 2253 665 2291 Pvlades
686 2253 758 2286 <sed
772 2254 807 2293 cf.
830 2255 909 2293 707)
1018 2255 1083 2284 680
1105 2255 1154 2284 vel
1169 2256 1242 2285 med
1263 2253 1332 2284 eru'
1442 2255 1508 2284 682

176 2305 304 2326 mecum
323 2306 391 2326 rem
410 2296 498 2328 codd.
520 2296 621 2326 Nonii
635 2307 698 2336 322
716 2308 723 2328 :
748 2307 817 2327 rem
837 2308 965 2328 mecum
984 2298 1050 2329 cod.
1198 2299 1273 2337 684,
1294 2298 1358 2337 685
1383 2298 1509 2328 inverso

174 2338 288 2369 ordine
303 2339 368 2370 cod.
384 2351 390 2370 t
416 2351 494 2372 corr.
515 2341 643 2370 Parens
667 2341 953 2381 (homoeoteleuton
978 2351 1111 2380 opsecr-
1130 2351 1230 2371 causa
1247 2343 1362 2371 erroris
1379 2353 1385 2371 :
1419 2341 1450 2372 ii.
1468 2342 1503 2378 6)

173 2383 237 2421 685
255 2393 330 2413 meo
349 2384 389 2423 (2)
408 2384 475 2414 Leo
594 2384 658 2423 687
683 2394 702 2414 a
719 2384 794 2415 add.
816 2384 957 2422 Pylades
1076 2387 1137 2423 691
1164 2390 1197 2415 te
1215 2395 1279 2415 om.
1299 2384 1385 2415 codd.
1406 2384 1511 2414 Nonii

175 2436 239 2464 229
378 2428 443 2466 693
468 2427 584 2467 uideo]
605 2427 709 2457 uerbo
725 2426 892 2467 Leo‚fort.
914 2431 988 2458 recte
1005 2428 1071 2469 (vii.
1094 2434 1127 2466 2)
1276 2429 1340 2467 694
1367 2428 1406 2459 Ei
1424 2427 1506 2467 cod.‚

175 2470 311 2509 antiqua
333 2470 451 2509 forma
