1727 2712
717 72 945 111 CAPTIVI
1452 70 1498 107 V.
1521 70 1566 105 iv

275 182 582 219 TYNDARvs
694 182 880 219 HEGIO
992 182 1393 218 PHILOCRATES
1519 177 1567 215 iv

678 247 1014 285 STALAGMvs

168 334 240 371 Tv.
273 333 367 372 Vidi
387 346 461 384 ego
482 335 606 372 multa
626 346 743 384 saepe
763 332 878 383 picta„
902 345 1004 383 quae
1025 332 1266 371 Accherunti
1288 334 1424 371 fierent

167 398 442 446 cruciamenta,
466 412 603 437 uerum
624 398 729 438 enim
750 412 844 437 uero
864 399 972 437 nulla
991 400 1170 449 adaeque
1190 407 1248 437 est
1268 400 1498 438 Accheruns

60 474 147 501 1000
165 471 285 514 atque
305 463 373 502 ubi
394 477 468 515 ego
488 464 554 511 fui,
577 464 617 502 in
637 463 870 514 lapicidinis.
930 463 1008 502 illie
1029 464 1082 502 ibi
1103 465 1303 503 demumst
1324 465 1434 502 locus

165 528 233 566 ubi
254 529 388 567 labore
408 529 634 568 lassitudost
655 528 851 579 exigunda
871 542 918 567 ex
938 542 1111 580 corpore.

165 606 256 631 nam
278 593 345 632 ubi
366 594 433 632 illo
453 594 609 642 adueni,
633 593 744 644 quasi
764 594 935 644 patriciis
956 594 1084 645 pueris
1105 602 1172 632 aut
1193 596 1420 633 monerulae
1517 606 1534 637 5

164 667 230 697 aut
250 658 375 698 anites
395 668 462 698 aut
483 659 703 698 coturnices
724 661 877 707 dantur,
901 659 1061 709 quicum
1083 660 1256 708 lusitent‚

165 724 301 762 itidem
322 725 419 763 haec
441 725 537 763 mihi
557 724 785 764 aduenienti
806 738 940 775 upupa
960 724 1026 775 qui
1048 738 1111 763 me
1132 726 1325 763 delectem
1343 727 1481 764 datast.

55 804 141 842 1005
163 791 233 828 sed
254 803 340 828 erus
362 803 500 829 eccum
521 798 613 830 ante
633 790 842 838 ostium—,
866 797 905 829 et
926 804 1013 830 erus
1034 793 1131 831 alter
1151 806 1290 832 eccum
1313 807 1358 831 ex
1380 793 1498 832 Alide

162 854 285 893 rediit.
360 856 441 894 HE.
474 856 592 903 salue,
633 861 815 906 exoptate
852 860 969 904 gnate
1007 852 1070 891 mi.
1144 854 1217 891 ΤΥ.
1252 854 1359 900 hem,
1396 853 1493 902 quid

1221 921 1358 968 ‘gnate
1389 918 1492 955 mi'?

161 992 268 1032 attat,
291 985 373 1024 scio
394 999 467 1036 qur
486 993 525 1025 te
545 992 695 1036 patrem
715 985 929 1024 adsimules
949 997 1035 1023 esse
1055 991 1092 1022 et
1113 996 1177 1022 me
1197 983 1320 1021 filium
1338 998 1344 1021 :
1514 1000 1553 1022 10

161 1050 253 1100 quia
274 1050 326 1088 mi
348 1050 441 1088 item
463 1058 505 1088 ut
526 1058 706 1101 parentes
726 1050 823 1088 lucis
845 1051 915 1088 das
935 1048 1073 1088 tuendi
1094 1048 1261 1099 copiam.

162 1116 333 1154 PHILOC.
370 1116 490 1163 salue,
512 1117 707 1165 Tyndare.
767 1116 839 1153 ΤΥ.
877 1122 915 1153 et
945 1122 998 1162 tu,
1030 1113 1186 1164 quoiius
1218 1126 1356 1152 caussa
1390 1115 1493 1152 hanc

1118 1192 1347 1217 aerumnam
1368 1179 1489 1230 exigo.

52 1258 142 1284 1010
161 1247 332 1284 PH1LOC.
365 1253 404 1285 at
425 1259 532 1284 nunc
553 1245 651 1284 liber
670 1245 709 1283 in
731 1244 888 1284 diuitias
909 1246 997 1283 faxo
1018 1244 1164 1282 uenies.
1224 1257 1314 1281 narn
1337 1244 1407 1282 tibi

161 1319 269 1362 pater
307 1311 372 1350 hic
406 1319 463 1350 est
478 1326 488 1359 3
528 1311 592 1349 hic
632 1324 765 1349 seruos
797 1310 864 1360 qui
903 1318 941 1348 te
980 1309 1072 1348 huic
1110 1309 1203 1347 hine
1241 1309 1492 1359 quadrimum

1328 1375 1489 1425 surpuit,

159 1442 339 1481 uendidit
359 1441 458 1493 patri
479 1454 569 1480 meo
589 1449 628 1480 te
648 1455 714 1480 sex
735 1440 861 1487 minis,
884 1440 915 1478 is
931 1448 970 1478 te
990 1440 1086 1478 mihi
1512 1452 1550 1485 15

159 1509 364 1558 paruolum
386 1507 623 1558 peculiarem
646 1507 809 1557 paruolo
828 1519 951 1556 puero
971 1505 1081 1545 dedit

158 1573 212 1611 illi
228 1588 237 1620 3
273 1571 369 1625 <hi)c
399 1572 589 1611 indicium
620 1572 711 1611 fecit
726 1587 735 1619 3
770 1585 860 1610 narn
891 1572 996 1609 hunc
1027 1584 1074 1609 ex
1098 1570 1214 1610 Alide
1244 1572 1321 1609 huc
1350 1572 1489 1610 reddu-

1349 1635 1483 1674 cimus.

49 1713 134 1750 1015
156 1705 228 1742 ΤΥ.
273 1703 369 1754 quid
407 1702 524 1742 huius
562 1702 717 1740 filium?
792 1703 962 1740 PHILOC.
1006 1701 1111 1739 intus
1149 1714 1288 1740 eccum
1331 1702 1486 1739 fratrem

1111 1780 1341 1818 germanum
1363 1774 1483 1805 tuom.

156 1831 245 1886 [ΤΥ.
278 1834 374 1884 quid
395 1842 436 1872 tu
457 1834 543 1872 ais?
571 1833 764 1872 adduxtin
786 1832 894 1871 illurn
916 1832 1032 1871 huius
1053 1833 1253 1883 captiuom
1275 1832 1428 1870 filium?

202 1948 281 1969 1001
310 1943 360 1969 est
377 1937 505 1978 Bentley
520 1950 525 1968 2
551 1943 601 1968 est
621 1937 760 1979 [omnis]
777 1937 844 1969 cod.
860 1938 950 1974 (0ms
967 1948 1006 1968 ex
1022 1942 1123 1967 -omst
1141 1941 1240 1976 supra
1251 1941 1317 1967 -ost
1333 1937 1446 1976 scripto
1459 1937 1485 1975 ζ’)

159 1992 241 2021 1003
266 1983 274 2012 1
292 1981 475 2020 lusitentJ
491 1981 619 2021 (etsort.
637 1981 721 2021 cod.)
844 1992 925 2019 1004
951 1980 1029 2011 mihi
1053 1981 1136 2011 haec
1154 1980 1206 2011 PE
1318 1980 1483 2010 delectem

155 2025 362 2056 Lambinus:
389 2025 534 2056 delectet
561 2025 626 2056 cod.
731 2034 813 2064 1005
839 2026 1010 2062 ostiumst:
1041 2035 1119 2055 erus
1140 2024 1226 2054 Brix
1315 2025 1398 2053 1006
1421 2022 1484 2065 (o)

154 2070 247 2100 salue
264 2068 410 2109 spengel.
431 2070 483 2099 cui
495 2069 605 2099 hiatus
621 2069 714 2099 salue
736 2069 740 2109 Ι
760 2079 812 2099 ex.
833 2069 971 2109 displicet
1103 2077 1183 2107 1007
1210 2078 1285 2098 esse
1301 2067 1484 2097 adsimules

157 2113 291 2143 Guietus
426 2115 509 2144 1008
534 2111 647 2143 accedit
665 2112 698 2142 A
711 2123 723 2149 ,·
744 2117 848 2152 pauca
872 2113 905 2142 in
930 2112 1030 2142 initiis
1053 2111 1208 2152 leguntur
1222 2122 1322 2151 usque
1337 2110 1384 2141 ad
1401 2121 1482 2150 1015

159 2166 242 2195 1009
265 2156 406 2198 exiJguc)
431 2157 463 2185 A
493 2158 581 2197 (cum
606 2155 653 2194 B)
790 2166 869 2193 1014
895 2156 940 2186 illi
965 2156 1020 2186 hic
1043 2156 1173 2196 scripsi:
1200 2155 1265 2185 illic
1289 2154 1340 2185 P:
1366 2155 1424 2184 ill.
1443 2179 1450 2185 .
1472 2178 1479 2184 .

154 2200 204 2231 A:
230 2200 262 2230 id
283 2199 402 2241 hie‘gn
423 2199 487 2230 Leo
577 2200 772 2230 reduximus
784 2199 910 2230 Parcus
928 2200 974 2237 (A
995 2210 1027 2230 n.
1046 2199 1084 2237 l.)
1250 2199 1396 2229 1016-22
1413 2208 1478 2228 om.

155 2243 211 2273 A:
244 2246 398 2283 ‘apparet
423 2242 582 2284 duplicem
603 2243 742 2281 fabulae
765 2243 889 2273 exitum
917 2247 1091 2281 ‘1009—15,
1122 2251 1205 2280 1023
1232 2252 1304 2281 sqq.
1332 2246 1360 2271 et
1388 2251 1481 2280 1009,

158 2288 409 2326 1016—22,1024
421 2287 511 2326 sqq.)
531 2287 563 2316 in
575 2285 825 2316 Pcom'unctum
842 2286 925 2316 esse.’
959 2285 1034 2316 Leo.
1075 2285 1352 2324 Antzquaforma
1371 2295 1480 2324 regre-

156 2331 229 2361 dior
253 2331 297 2365 (v.
327 2332 424 2370 1023)
444 2330 640 2361 Plautinum
665 2340 728 2359 esse
751 2330 962 2360 recensionem
987 2330 1027 2359 ab
1043 2329 1076 2358 A
1099 2333 1322 2359 conservatam
1347 2329 1484 2359 declarat

158 2376 240 2406 1016
274 2375 305 2404 h.
338 2374 441 2405 filium
468 2374 637 2414 captiuum
664 2372 755 2404 cod.:
790 2374 863 2405 irai.
887 2373 1047 2413 Pylades:
1073 2383 1098 2402 e.
1127 2373 1157 2403 h.
1186 2373 1287 2403 filium
1312 2372 1482 2403 Fleckeisen
