1727 2702
104 106 157 143 II.
179 105 208 142 ii
604 106 650 142 T.
684 105 865 145 MACCI
896 105 1098 143 PLAVTI

120 219 162 261 ⁶5
183 228 278 253 num
299 228 372 265 ego
392 213 581 265 disperii?
640 216 723 253 ΜΕ.
754 213 850 265 quid
877 213 947 253 tibi
972 216 1060 254 est?
1117 217 1213 254 Evc.
1245 215 1341 266 quid
1361 212 1511 265 crepuit

1012 279 1123 330 quasi
1144 281 1286 319 ferrum
1308 281 1459 319 modo?
1487 301 1511 305 -

183 348 265 384 ME.
299 345 363 384 hic
382 345 489 395 apud
519 358 582 383 me
610 345 766 383 hortum
787 345 1002 383 confodere
1022 344 1125 383 iussi.
1185 346 1254 385 sed
1275 344 1343 384 ubi
1370 344 1433 383 hic
1453 351 1512 382 est

1362 411 1484 449 homo
1497 410 1513 447 ?

179 475 276 516 abiit
297 489 426 526 neque
449 488 511 513 me
531 474 736 513 certiorem
757 474 858 514 fecit.
919 474 1067 514 fastidit
1089 475 1176 523 mei,
1532 465 1601 548 {2⁴}

181 541 274 592 quia
294 540 402 579 uidet
424 554 487 578 me
507 553 618 578 suam
634 539 848 578 amicitiam
868 541 970 579 uelle
990 555 998 578 :
1028 553 1137 579 more
1158 539 1365 579 hominum
1386 538 1478 579 facit
1494 554 1504 587 3

182 620 274 644 narn
295 605 326 644 si
346 606 559 656 opulentus
580 604 607 643 it
628 604 795 655 petitum
816 604 1058 655 pauperioris
1078 605 1253 656 gratiam,

122 683 162 719 70
183 685 330 722 pauper
350 670 490 709 metuit
510 669 741 720 congrediri‚
764 684 832 720 per
853 678 1001 708 metum
1025 671 1127 710 male
1147 684 1228 710 rem
1248 670 1355 721 gerit.

182 736 303 784 idem,
322 737 485 786 quando
505 734 662 774 occasio
682 734 794 773 illaec
815 735 939 784 periit,
963 743 1052 785 post
1072 749 1159 774 sero
1179 735 1297 786 cupit.

183 803 280 840 Evc.
313 801 343 840 si
374 802 505 840 hercle
533 814 608 851 ego
637 807 675 838 te
704 813 784 839 non
815 799 1093 850 elinguandam
1124 801 1272 840 dedero
1305 813 1431 850 usque
1463 799 1515 838 ab
1535 811 1604 848 250

653 872 658 876 “
1304 864 1514 912 radicibus,

181 932 332 982 impero
352 933 567 982 auctorque
588 945 676 970 sum
698 939 740 970 ut
761 934 803 970 tu
825 945 888 970 me
908 931 1065 982 quoiuis
1085 932 1338 971 castrandum
1358 932 1476 970 loces.

183 999 266 1036 ΜΕ.
299 997 418 1036 uideo
452 998 582 1035 hercle
617 1009 690 1047 ego
729 1003 767 1035 te
802 1010 865 1034 me
898 995 1085 1044 arbitrari,
1123 996 1274 1043 Euclio,
1312 996 1515 1034 hominem

1313 1061 1514 1107 idoneum,

123 1139 162 1176 75
181 1143 300 1180 quem
322 1136 481 1167 senecta
500 1135 628 1167 aetate
650 1129 764 1166 ludos
786 1127 915 1175 facias,
940 1129 1016 1166 hau
1040 1127 1179 1167 merito
1201 1141 1300 1166 meo.

183 1197 280 1233 Evc.
313 1208 443 1244 neque
481 1195 636 1244 edepol,
680 1194 906 1243 Megadore,
944 1192 1057 1240 facio,
1098 1205 1238 1242 neque,
1275 1191 1306 1230 si
1344 1191 1513 1241 cupiam,

1309 1270 1358 1295 co
1389 1269 1425 1294 ia
1444 1264 1512 1294 est.

183 1326 265 1363 ME.
298 1324 395 1375 quid
422 1326 558 1363 nunc?
586 1323 705 1363 etiam
734 1323 829 1362 mihi
856 1325 1084 1375 despondes
1104 1323 1254 1362 filiam?
1311 1270 1408 1361 Evpc.
1441 1320 1515 1359 illis
1535 1332 1601 1370 255

1350 1386 1512 1438 legibus,

181 1469 271 1494 curn
302 1455 367 1493 illa
395 1456 489 1494 dote
519 1468 638 1505 quam
670 1454 739 1494 tibi
767 1454 857 1495 dixi.
920 1457 1002 1494 ME.
1035 1455 1216 1505 spondcn
1237 1454 1358 1504 ergo?
1416 1453 1513 1491 Evc.

1324 1517 1514 1568 spondeo.

184 1587 267 1624 ME.
299 1585 399 1624 istuc
415 1585 455 1624 di
478 1586 579 1625 bene
596 1583 947 1639 [uortant]—Evc.
980 1585 1033 1624 ita
1048 1584 1087 1624 di
1105 1583 1235 1623 faxint.
1286 1581 1383 1621 illud
1399 1581 1517 1620 facito

1216 1656 1258 1687 ut
1279 1659 1514 1693 memineris,

123 1723 164 1753 80
182 1715 418 1755 conuenisse
439 1724 481 1754 ut
501 1730 550 1755 ne
572 1716 668 1767 quid
690 1717 795 1756 dotis
817 1730 905 1756 mea
924 1718 975 1756 ad
997 1723 1034 1755 te
1054 1716 1222 1755 adferret
1244 1712 1332 1752 filia.

185 1783 267 1819 ME.
302 1780 474 1819 memini.
536 1783 632 1820 Evc.
664 1789 704 1820 at
742 1781 824 1821 scio
863 1794 944 1832 quo
982 1793 1054 1819 uos
1088 1778 1245 1818 soleatis
1284 1783 1401 1828 pacto
1434 1789 1516 1827 per-

1303 1840 1514 1892 plexarier:

184 1918 341 1962 pactum
382 1925 462 1951 non
498 1919 656 1962 pactum
691 1920 760 1959 est,
797 1925 876 1950 non
912 1918 1071 1962 pactum
1105 1915 1264 1959 pactum
1298 1914 1368 1954 est,
1404 1905 1514 1956 quod
1533 1908 1603 1944 260

1249 1971 1364 2011 uobis
1392 1970 1512 2009 lubet.

187 2044 268 2081 ΜΕ.
303 2045 409 2082 nulla
429 2042 699 2082 controuorsia
720 2042 815 2080 mihi
837 2049 967 2080 tecum
989 2039 1069 2079 erit.
1129 2039 1198 2077 sed
1220 2036 1376 2088 nuptias

229 2160 292 2188 242
313 2153 386 2190 pos!
400 2150 487 2179 hum
501 2159 633 2180 versum
657 2158 685 2177 v.
712 2157 775 2186 393
797 2146 906 2186 posui!
928 2143 1055 2175 Ritschl
1185 2152 1247 2181 243
1272 2141 1349 2171 hinc
1373 2145 1425 2171 est
1449 2138 1513 2171 cod.

187 2194 249 2231 248
274 2194 433 2233 congredi
452 2193 516 2223 cod.
540 2193 576 2231 (i.
598 2198 630 2230 7)
774 2200 837 2228 249
861 2189 992 2219 occasio
1016 2188 1110 2218 illaec
1128 2184 1243 2216 Harc:
1269 2184 1366 2215 illaec
1384 2193 1516 2214 occasio

185 2237 250 2268 cod.
387 2247 445 2277 25¹
474 2234 583 2278 (ego)
599 2245 670 2265 sum
701 2233 834 2263 Guictus
920 2232 971 2263 vel
995 2231 1041 2262 uti
1071 2230 1107 2269 cs.
1135 2228 1273 2260 Skutsch
1298 2226 1430 2266 (Pln'lol.
1459 2237 1512 2266 59,

187 2282 266 2322 ⁴83)
423 2291 485 2320 252
509 2286 541 2311 te
563 2289 638 2310 cum
657 2283 810 2318 suswrsrr.
838 2286 890 2306 mc
912 2274 976 2307 cod.
998 2273 1100 2315 (unde
1125 2278 1158 2304 te
1182 2271 1248 2309 Οἳ,
1270 2281 1322 2302 mc
1345 2270 1391 2311 Β)
1415 2281 1458 2309 w.
1478 2271 1515 2310 3)

189 2335 249 2364 257
277 2326 361 2356 istuc
378 2324 439 2356 del.
457 2323 600 2364 Pylades
690 2325 822 2352 uortant
847 2319 945 2350 delevi
