1727 2702
181 77 235 114 11.
257 77 271 114 i
519 66 522 70 ’
671 80 717 117 Τ.
752 79 931 119 MACCI
965 80 1167 117 PLAVTI

258 188 330 225 AL.
363 187 455 238 quia
475 187 578 226 uiuo.
638 189 730 226 San.
764 187 876 227 facile
897 187 935 227 id
956 188 1116 238 quidem
1139 189 1280 239 edepol
1301 201 1474 239 possum,
1491 188 1523 227 si
1543 195 1584 228 tu
1669 198 1685 251 j

1246 255 1315 294 uis.
1374 257 1446 294 AL.
1479 256 1582 294 uolo.
1678 254 1687 302 l

258 320 351 357 Sssa.
384 327 422 358 at
442 319 548 358 enim
569 333 618 358 ne
639 328 680 358 tu
701 333 873 371 exponas
894 333 1048 371 pugnos
1069 326 1157 358 tuos
1178 319 1217 358 in
1239 319 1403 369 imperio
1425 333 1523 358 meo,
1605 291 1686 379 235

259 386 330 422 AL.
356 397 571 434 numquam
587 386 730 435 edepol
747 384 897 424 faciam.
957 386 1050 424 SER.
1082 385 1200 423 fidem
1216 385 1277 423 da.
1328 386 1400 423 AL.
1423 386 1486 431 do,
1505 397 1586 423 non
1673 380 1685 449 ἶ

1192 450 1384 488 facturum
1405 463 1490 488 esse
1511 462 1584 488 me.
1676 458 1684 478 ν

259 516 329 553 sed
350 528 423 565 ego
444 514 624 565 primum,
647 522 705 553 tot
725 515 792 565 qui
813 516 864 554 ab
883 515 1011 553 amica
1029 515 1168 554 abesse
1188 514 1382 565 potuerim
1403 514 1498 561 dies,
1674 499 1685 575 ἲ

259 593 344 618 sum
367 580 487 618 nihili.
549 581 642 619 SER.
676 580 785 618 nihili
807 581 937 619 hercle
958 593 1052 619 uero
1072 594 1124 619 es.
1184 581 1257 618 AL.
1310 593 1328 613 *
1368 579 1530 630 perdite,
1676 594 1685 614 ι

258 658 358 695 quae
380 658 442 683 me
462 652 609 683 amaret
630 652 775 683 contra.
836 646 929 684 SER.
962 644 1104 695 dignus
1125 645 1254 683 hercle
1275 657 1316 683 es
1337 644 1561 683 infortunio.
1680 686 1682 691 ‚

258 711 330 747 AL.
362 709 397 748 ei
419 723 482 748 me
496 708 572 761 <tot
588 708 687 761 tam>
700 710 842 749 acerba
862 710 988 748 facere
1004 709 1043 747 in
1065 710 1184 748 corde
1202 712 1207 746 !
1241 710 1333 747 SER.
1358 708 1455 759 frugi
1476 722 1586 747 num·
1605 694 1686 754 240²

1359 787 1476 824 quam
1498 773 1582 812 eris.

258 842 330 879 AL.
363 840 588 891 praesertim
609 853 710 890 quae
731 840 973 879 coniurasset
995 853 1150 878 mecum
1171 847 1209 878 et
1231 840 1420 878 firmasset
1441 839 1572 885 fidem,

258 907 352 944 SER.
385 919 514 956 neque
547 907 644 945 deos
679 918 808 956 neque
843 905 1023 944 homines
1057 918 1226 954 aequom
1263 912 1320 942 est
1355 905 1481 943 facere
1514 903 1585 942 tibi

1286 969 1451 1019 posthac
1471 969 1583 1008 bene.

259 1039 331 1076 AL.
363 1050 464 1088 quae
485 1044 586 1076 esset
605 1044 774 1076 aetatem
795 1043 976 1075 exactura
996 1047 1152 1074 mecum
1173 1034 1212 1072 in
1233 1033 1494 1081 matrimonio,

260 1104 354 1142 SER.
377 1102 581 1153 compedis
598 1110 635 1141 te
655 1115 795 1153 capere
815 1108 969 1152 oportet
989 1113 1118 1151 neque
1135 1113 1200 1139 eas
1216 1113 1404 1150 umquam
1426 1113 1582 1150 ponere.
1617 1098 1621 1103 '

261 1171 332 1206 Ai„
365 1181 466 1218 quae
488 1167 582 1205 mihi
603 1175 705 1206 esset
725 1167 1005 1205 commendata
1023 1173 1062 1203 et
1083 1177 1194 1203 meae
1214 1165 1292 1203 fide
1312 1163 1548 1211 concredita,
1605 1177 1671 1216 245

261 1234 354 1271 SER.
386 1234 516 1271 hercle
537 1240 574 1271 te
595 1232 823 1271 uerberibus
845 1233 1010 1269 multum
1031 1230 1143 1269 caedi
1164 1237 1343 1279 oportere
1362 1229 1535 1268 arbitror.

262 1300 333 1336 AL.
366 1311 467 1348 quae
488 1297 688 1337 mellillam
710 1310 772 1335 me
794 1310 935 1335 uocare
957 1304 994 1334 et
1016 1295 1196 1334 suauium
1218 1294 1367 1334 solitast
1388 1307 1512 1333 suom.

261 1364 354 1402 SER.
378 1364 430 1402 ob
447 1363 546 1402 istuc
562 1376 685 1401 unum
703 1362 868 1400 uerbum
884 1361 1037 1411 dignu's
1051 1360 1211 1399 deciens
1228 1359 1294 1410 qui
1312 1361 1459 1398 furcam
1476 1360 1585 1398 feras.

261 1430 333 1467 AL.
365 1435 521 1479 egomet
550 1430 681 1467 laetor.
741 1428 811 1466 sed
838 1426 934 1477 quid
961 1434 1096 1465 auctor
1124 1438 1229 1463 nunc
1251 1424 1344 1462 mihi
1366 1427 1437 1464 es?
1491 1426 1585 1464 SER.

1343 1490 1471 1528 dicam
1494 1489 1587 1528 tibi:

261 1559 497 1610 supplicium
520 1559 571 1597 illi
593 1560 674 1606 des,
697 1559 915 1608 suspendas
936 1565 984 1603 te,
1008 1570 1057 1595 ne
1078 1555 1147 1595 tibi
1169 1562 1404 1594 suscenseat.
1607 1563 1677 1601 250

263 1628 333 1663 AL,
366 1624 484 1675 quian
597 1638 614 1658 *
728 1639 745 1659 *
862 1638 878 1658 *
994 1636 1011 1655 *
1127 1636 1142 1656 >k
1259 1635 1276 1655 ιιι
1390 1634 1408 1654 *

262 1692 354 1728 SER.
387 1689 483 1740 quid
504 1698 544 1728 tu
566 1703 657 1740 ergo
676 1688 879 1741 (timebas)
898 1689 1020 1727 nam?
1100 1700 1116 1719 *
1232 1699 1248 1719 *
1272 1693 1310 1724 te
1330 1686 1514 1723 manuleo

264 1772 281 1789 a·-
327 1768 374 1793 ue
393 1754 537 1807 <amica
557 1768 606 1793 ne
626 1762 664 1793 te
684 1754 801 1805 caiet)
837 1770 853 1789 *
969 1768 987 1788 *
1101 1765 1118 1785 *
1233 1765 1249 1784 2*
1364 1763 1381 1783 *

732 1835 749 1854 *
917 1832 935 1851 *
1104 1831 1121 1852 *

307 1930 370 1960 235
395 1929 508 1960 pugno
524 1929 563 1950 os
580 1924 693 1950 metuo
713 1919 776 1950 Leo
923 1928 983 1957 237
1011 1921 1060 1948 tot
1079 1915 1163 1946 Leo:
1192 1924 1231 1954 co
1261 1917 1408 1953 sequente
1435 1917 1592 1953 personae

263 1965 365 2004 spatio
381 1962 445 1994 cod.
461 1967 496 1992 u!
506 1962 567 1993 vid.
644 1964 807 2003 potuerim
829 1961 909 1992 Leo:
939 1962 1075 2003 audrem
1090 1960 1121 1989 A
1225 1968 1274 1994 σο,
1295 1957 1374 1996 quia
1389 1956 1430 1986 ab
1444 1954 1587 1996 Seyffirt,

264 2008 423 2038 auderem
441 2005 546 2049 (sex)
564 2007 636 2037 dics
655 2006 779 2036 Svlmrll
904 2007 968 2044 238
987 2001 1334 2048 (cmidss’solampetite
1354 1999 1418 2032 cod.
1438 2011 1443 2029 :
1469 1998 1590 2042 (quam

265 2067 330 2095 ego
346 2055 517 2098 amarem)
536 2057 666 2096 perdite
687 2057 750 2086 Iso
822 2066 885 2094 230
910 2054 1002 2085 ercle
1019 2052 1109 2084 ercle
1126 2062 1163 2082 cs
1179 2051 1244 2082 cod.
1327 2060 1390 2087 240
1413 2049 1442 2088 ci
1462 2059 1514 2079 me
1531 2073 1538 2080 .
1558 2072 1565 2079 .
1583 2072 1589 2079 .

265 2127 271 2133 .
289 2124 297 2133 .
319 2126 325 2132 .
343 2101 459 2140 acerba
481 2099 548 2131 cod.
567 2111 572 2130 :
608 2100 740 2130 restituit
765 2098 829 2128 Leo
930 2102 1005 2138 post
1027 2105 1155 2128 versum
1181 2105 1243 2132 242
1267 2093 1465 2133 anticzpatur
1479 2102 1506 2122 v.
1527 2101 1590 2131 245

265 2155 324 2174 suo
350 2144 413 2174 loco
439 2143 562 2174 rediens
593 2144 637 2176 (ii.
654 2145 689 2183 6)
826 2152 886 2180 243
912 2151 1042 2172 mecum
1064 2143 1224 2170 exactura
1242 2146 1373 2167 mecum
1390 2135 1455 2166 cod.
1478 2136 1534 2174 (iv.
1554 2137 1589 2175 3)

266 2200 328 2227 244
354 2188 542 2228 compecqis
563 2186 626 2217 cod.
772 2195 834 2224 245
859 2196 965 2215 meam
986 2187 1081 2224 (lpro
1098 2191 1204 2212 meam
1223 2181 1270 2219 in)
1285 2180 1383 2211 fidem
1405 2179 1590 2210 concrediti

266 2233 299 2262 in
323 2243 351 2262 v.
371 2232 544 2272 antr'a'pato
561 2229 626 2261 sod.
785 2239 848 2267 249
881 2228 986 2259 lactor
1009 2230 1192 2267 suspectum
1356 2233 1419 2262 :252
1450 2223 1529 2262 quid
1555 2227 1590 2253 tu

267 2285 347 2313 ergo
394 2280 549 2305 name—t
567 2289 569 2292 ·
586 2273 740 2304 manuleo
753 2272 818 2302 cod.
838 2283 844 2302 ε
869 2273 947 2311 quid
963 2273 972 2295 Τ
998 2277 1030 2301 tu
1049 2270 1188 2300 amicam
1204 2268 1312 2303 times,
1330 2277 1371 2297 nc
1389 2272 1422 2296 to
1437 2265 1590 2296 manuleo

267 2320 375 2350 caiet‘l
393 2318 586 2358 Fulgentius
606 2317 716 2355 1'1'114117.
735 2317 864 2351 conlita,
885 2315 931 2345 ad
949 2315 1021 2344 Aen
1054 2323 1070 2352 7
1097 2314 1140 2343 ιἰι.
1276 2320 1403 2350 253-72
1429 2309 1511 2340 m'ln'l
1529 2309 1595 2339 nisi

268 2363 399 2402 vestig-ia
415 2362 596 2392 litterarum
614 2364 747 2400 appara
766 2361 798 2388 ιή
815 2359 881 2389 cod.
898 2371 903 2389 :
925 2363 999 2399 pos!
1014 2368 1042 2388 v.
1065 2357 1138 2395 266,
1160 2354 1315 2385 ultimam!
1338 2354 1438 2384 lucius
1459 2361 1591 2383 scaenae

269 2417 407 2438 versum.
428 2404 586 2443 duosolia
604 2405 729 2434 annun
747 2407 824 2434 sun(
