<?xml version="1.0" encoding="UTF-8"?>
<!DOCTYPE html PUBLIC "-//W3C//DTD XHTML 1.0 Transitional//EN"
    "http://www.w3.org/TR/xhtml1/DTD/xhtml1-transitional.dtd">
<html xmlns="http://www.w3.org/1999/xhtml" xml:lang="en" lang="en">
 <head>
  <title>
</title>
<meta http-equiv="Content-Type" content="text/html;charset=utf-8" />
  <meta name='ocr-system' content='tesseract 3.04.00' />
  <meta name='ocr-capabilities' content='ocr_page ocr_carea ocr_par ocr_line ocrx_word'/>
</head>
<body>
  <div class='ocr_page' id='page_1' title='image "./comoediaerecogno01plauuoft_0475.png"; bbox 0 0 1727 2712; ppageno 0'>
   <div class='ocr_carea' id='block_1_1' title="bbox 0 2097 24 2712">
    <p class='ocr_par' dir='ltr' id='par_1_1' title="bbox 0 2097 24 2712">
     <span class='ocr_line' id='line_1_1' title="bbox 0 2097 24 2712; baseline 0 0"><span class='ocrx_word' id='word_1_1' title='bbox 0 2097 24 2712; x_wconf 95' lang='lat' dir='ltr'> </span> 
     </span>
    </p>
   </div>
   <div class='ocr_carea' id='block_1_2' title="bbox 611 78 1505 117">
    <p class='ocr_par' dir='ltr' id='par_1_2' title="bbox 611 78 1505 117">
     <span class='ocr_line' id='line_1_2' title="bbox 611 78 1505 117; baseline 0.001 -2"><span class='ocrx_word' id='word_1_2' title='bbox 611 78 969 117; x_wconf 91' lang='lat' dir='ltr'>MENAECHMI</span> <span class='ocrx_word' id='word_1_3' title='bbox 1404 79 1451 117; x_wconf 87' lang='lat' dir='ltr'>V.</span> <span class='ocrx_word' id='word_1_4' title='bbox 1475 78 1505 116; x_wconf 86' lang='lat' dir='ltr'>ii</span> 
     </span>
    </p>
   </div>
   <div class='ocr_carea' id='block_1_3' title="bbox 2 186 1527 1855">
    <p class='ocr_par' dir='ltr' id='par_1_3' title="bbox 128 186 1458 238">
     <span class='ocr_line' id='line_1_3' title="bbox 128 186 1458 238; baseline 0 -12"><span class='ocrx_word' id='word_1_5' title='bbox 128 188 213 226; x_wconf 81' lang='lat' dir='ltr'>MA.</span> <span class='ocrx_word' id='word_1_6' title='bbox 243 193 363 237; x_wconf 85' lang='lat' dir='ltr'>atque</span> <span class='ocrx_word' id='word_1_7' title='bbox 392 186 447 225; x_wconf 92' lang='lat' dir='ltr'>ibi</span> <span class='ocrx_word' id='word_1_8' title='bbox 476 194 596 238; x_wconf 90' lang='lat' dir='ltr'>potat.</span> <span class='ocrx_word' id='word_1_9' title='bbox 656 188 720 226; x_wconf 80' lang='lat' dir='ltr'>SE.</span> <span class='ocrx_word' id='word_1_10' title='bbox 753 195 819 226; x_wconf 88' lang='lat' dir='ltr'>tua</span> <span class='ocrx_word' id='word_1_11' title='bbox 849 187 1012 238; x_wconf 90' lang='lat' dir='ltr'>quidem</span> <span class='ocrx_word' id='word_1_12' title='bbox 1042 188 1106 227; x_wconf 90' lang='lat' dir='ltr'>ille</span> <span class='ocrx_word' id='word_1_13' title='bbox 1135 201 1272 227; x_wconf 82' lang='lat' dir='ltr'>caussa</span> <span class='ocrx_word' id='word_1_14' title='bbox 1305 187 1458 238; x_wconf 90' lang='lat' dir='ltr'>potabit</span> 
     </span>
    </p>

    <p class='ocr_par' dir='ltr' id='par_1_4' title="bbox 129 253 1457 434">
     <span class='ocr_line' id='line_1_4' title="bbox 1316 253 1457 300; baseline 0 -9"><span class='ocrx_word' id='word_1_15' title='bbox 1316 253 1457 300; x_wconf 83' lang='lat' dir='ltr'>minus,</span> 
     </span>
     <span class='ocr_line' id='line_1_5' title="bbox 129 311 1438 369; baseline 0 -12"><span class='ocrx_word' id='word_1_16' title='bbox 129 318 160 357; x_wconf 86' lang='lat' dir='ltr'>si</span> <span class='ocrx_word' id='word_1_17' title='bbox 181 318 259 357; x_wconf 91' lang='lat' dir='ltr'>illic</span> <span class='ocrx_word' id='word_1_18' title='bbox 279 317 362 357; x_wconf 85' lang='lat' dir='ltr'>siue</span> <span class='ocrx_word' id='word_1_19' title='bbox 381 317 475 356; x_wconf 91' lang='lat' dir='ltr'>alibi</span> <span class='ocrx_word' id='word_1_20' title='bbox 492 311 643 356; x_wconf 88' lang='lat' dir='ltr'>lubebit</span> <span class='ocrx_word' id='word_1_21' title='bbox 660 320 676 356; x_wconf 90' lang='lat'>?</span> <span class='ocrx_word' id='word_1_22' title='bbox 705 317 806 368; x_wconf 76' lang='lat' dir='ltr'>quae</span> <span class='ocrx_word' id='word_1_23' title='bbox 822 319 930 366; x_wconf 90' lang='lat' dir='ltr'>haec,</span> <span class='ocrx_word' id='word_1_24' title='bbox 954 321 1113 366; x_wconf 89' lang='lat' dir='ltr'>malum,</span> <span class='ocrx_word' id='word_1_25' title='bbox 1138 318 1438 369; x_wconf 88' lang='lat' dir='ltr'>inpudentiast?</span> 
     </span>
     <span class='ocr_line' id='line_1_6' title="bbox 129 382 1296 434; baseline 0.001 -13"><span class='ocrx_word' id='word_1_26' title='bbox 129 396 208 421; x_wconf 86' lang='lat' dir='ltr'>una</span> <span class='ocrx_word' id='word_1_27' title='bbox 227 396 345 432; x_wconf 87' lang='lat' dir='ltr'>opera</span> <span class='ocrx_word' id='word_1_28' title='bbox 365 382 574 433; x_wconf 89' lang='lat' dir='ltr'>prohibere</span> <span class='ocrx_word' id='word_1_29' title='bbox 595 384 646 421; x_wconf 85' lang='lat' dir='ltr'>ad</span> <span class='ocrx_word' id='word_1_30' title='bbox 667 396 806 421; x_wconf 91' lang='lat' dir='ltr'>cenam</span> <span class='ocrx_word' id='word_1_31' title='bbox 828 397 877 422; x_wconf 91' lang='lat' dir='ltr'>ne</span> <span class='ocrx_word' id='word_1_32' title='bbox 899 383 1101 434; x_wconf 78' lang='lat' dir='ltr'>promittat</span> <span class='ocrx_word' id='word_1_33' title='bbox 1121 385 1296 434; x_wconf 84' lang='lat' dir='ltr'><strong>postules</strong></span> 
     </span>
    </p>

    <p class='ocr_par' dir='ltr' id='par_1_5' title="bbox 42 447 1520 623">
     <span class='ocr_line' id='line_1_7' title="bbox 42 447 1520 498; baseline 0.001 -13"><span class='ocrx_word' id='word_1_34' title='bbox 42 456 108 494; x_wconf 82' lang='lat'>795</span> <span class='ocrx_word' id='word_1_35' title='bbox 129 461 206 486; x_wconf 94' lang='lat' dir='ltr'>neu</span> <span class='ocrx_word' id='word_1_36' title='bbox 226 460 466 497; x_wconf 80' lang='lat' dir='ltr'>quemquam</span> <span class='ocrx_word' id='word_1_37' title='bbox 487 447 654 497; x_wconf 85' lang='lat' dir='ltr'>accipiat</span> <span class='ocrx_word' id='word_1_38' title='bbox 674 447 847 486; x_wconf 89' lang='lat' dir='ltr'>alienum</span> <span class='ocrx_word' id='word_1_39' title='bbox 868 449 975 498; x_wconf 89' lang='lat' dir='ltr'>apud</span> <span class='ocrx_word' id='word_1_40' title='bbox 995 461 1046 486; x_wconf 89' lang='lat' dir='ltr'>se.</span> <span class='ocrx_word' id='word_1_41' title='bbox 1106 447 1268 487; x_wconf 88' lang='lat' dir='ltr'>seruirin</span> <span class='ocrx_word' id='word_1_42' title='bbox 1289 447 1360 486; x_wconf 91' lang='lat' dir='ltr'>tibi</span> <span class='ocrx_word' id='word_1_43' title='bbox 1478 462 1520 494; x_wconf 84' lang='lat'>45</span> 
     </span>
     <span class='ocr_line' id='line_1_8' title="bbox 128 512 1215 563; baseline 0.002 -14"><span class='ocrx_word' id='word_1_44' title='bbox 128 513 302 562; x_wconf 84' lang='lat' dir='ltr'>postulas</span> <span class='ocrx_word' id='word_1_45' title='bbox 322 512 456 550; x_wconf 89' lang='lat' dir='ltr'>uiros?</span> <span class='ocrx_word' id='word_1_46' title='bbox 484 513 578 550; x_wconf 91' lang='lat' dir='ltr'>dare</span> <span class='ocrx_word' id='word_1_47' title='bbox 598 526 678 551; x_wconf 91' lang='lat' dir='ltr'>una</span> <span class='ocrx_word' id='word_1_48' title='bbox 698 513 817 563; x_wconf 81' lang='lat' dir='ltr'>opera</span> <span class='ocrx_word' id='word_1_49' title='bbox 840 527 1007 563; x_wconf 90' lang='lat' dir='ltr'>pensum</span> <span class='ocrx_word' id='word_1_50' title='bbox 1028 515 1215 563; x_wconf 83' lang='lat' dir='ltr'>postules,</span> 
     </span>
     <span class='ocr_line' id='line_1_9' title="bbox 128 576 1053 623; baseline 0.001 -9"><span class='ocrx_word' id='word_1_51' title='bbox 128 576 228 614; x_wconf 91' lang='lat' dir='ltr'>inter</span> <span class='ocrx_word' id='word_1_52' title='bbox 246 576 407 614; x_wconf 79' lang='lat' dir='ltr'>ancillas</span> <span class='ocrx_word' id='word_1_53' title='bbox 428 578 564 616; x_wconf 89' lang='lat' dir='ltr'>sedere</span> <span class='ocrx_word' id='word_1_54' title='bbox 586 576 733 623; x_wconf 87' lang='lat' dir='ltr'>iubeas,</span> <span class='ocrx_word' id='word_1_55' title='bbox 759 579 889 615; x_wconf 88' lang='lat' dir='ltr'>lanam</span> <span class='ocrx_word' id='word_1_56' title='bbox 913 591 1053 616; x_wconf 84' lang='lat' dir='ltr'>carere.</span> 
     </span>
    </p>

    <p class='ocr_par' dir='ltr' id='par_1_6' title="bbox 131 641 1461 823">
     <span class='ocr_line' id='line_1_10' title="bbox 132 641 1461 692; baseline 0.002 -14"><span class='ocrx_word' id='word_1_57' title='bbox 132 643 216 679; x_wconf 72' lang='lat' dir='ltr'>MA.</span> <span class='ocrx_word' id='word_1_58' title='bbox 248 654 329 679; x_wconf 90' lang='lat' dir='ltr'>non</span> <span class='ocrx_word' id='word_1_59' title='bbox 356 641 541 691; x_wconf 79' lang='lat' dir='ltr'>equidem</span> <span class='ocrx_word' id='word_1_60' title='bbox 572 641 668 679; x_wconf 88' lang='lat' dir='ltr'>mihi</span> <span class='ocrx_word' id='word_1_61' title='bbox 699 649 737 680; x_wconf 90' lang='lat' dir='ltr'>te</span> <span class='ocrx_word' id='word_1_62' title='bbox 768 643 1019 689; x_wconf 87' lang='lat' dir='ltr'>aduocatum,</span> <span class='ocrx_word' id='word_1_63' title='bbox 1049 650 1169 692; x_wconf 89' lang='lat' dir='ltr'>pater,</span> <span class='ocrx_word' id='word_1_64' title='bbox 1200 642 1360 691; x_wconf 81' lang='lat' dir='ltr'>adduxi,</span> <span class='ocrx_word' id='word_1_65' title='bbox 1392 644 1461 682; x_wconf 92' lang='lat' dir='ltr'>sed</span> 
     </span>
     <span class='ocr_line' id='line_1_11' title="bbox 1363 707 1458 745; baseline 0.011 -1"><span class='ocrx_word' id='word_1_66' title='bbox 1363 707 1458 745; x_wconf 89' lang='lat' dir='ltr'>uiro.</span> 
     </span>
     <span class='ocr_line' id='line_1_12' title="bbox 131 771 1411 823; baseline -0.001 -13"><span class='ocrx_word' id='word_1_67' title='bbox 131 772 224 811; x_wconf 90' lang='lat' dir='ltr'>hinc</span> <span class='ocrx_word' id='word_1_68' title='bbox 244 781 333 820; x_wconf 90' lang='lat' dir='ltr'>stas,</span> <span class='ocrx_word' id='word_1_69' title='bbox 356 773 451 811; x_wconf 89' lang='lat' dir='ltr'>illim</span> <span class='ocrx_word' id='word_1_70' title='bbox 473 787 652 812; x_wconf 82' lang='lat' dir='ltr'>caussam</span> <span class='ocrx_word' id='word_1_71' title='bbox 673 774 783 813; x_wconf 88' lang='lat' dir='ltr'>dicis.</span> <span class='ocrx_word' id='word_1_72' title='bbox 844 775 907 812; x_wconf 81' lang='lat' dir='ltr'>SE.</span> <span class='ocrx_word' id='word_1_73' title='bbox 940 773 971 812; x_wconf 91' lang='lat' dir='ltr'>si</span> <span class='ocrx_word' id='word_1_74' title='bbox 991 773 1056 811; x_wconf 90' lang='lat' dir='ltr'>ille</span> <span class='ocrx_word' id='word_1_75' title='bbox 1075 772 1172 823; x_wconf 90' lang='lat' dir='ltr'>quid</span> <span class='ocrx_word' id='word_1_76' title='bbox 1193 771 1411 822; x_wconf 85' lang='lat' dir='ltr'>deliquerit,</span> 
     </span>
    </p>

    <p class='ocr_par' dir='ltr' id='par_1_7' title="bbox 43 837 1527 1151">
     <span class='ocr_line' id='line_1_13' title="bbox 43 837 1527 889; baseline 0 -16"><span class='ocrx_word' id='word_1_77' title='bbox 43 839 114 873; x_wconf 91' lang='lat'>800</span> <span class='ocrx_word' id='word_1_78' title='bbox 133 839 257 875; x_wconf 90' lang='lat' dir='ltr'>multo</span> <span class='ocrx_word' id='word_1_79' title='bbox 278 846 386 876; x_wconf 90' lang='lat' dir='ltr'>tanta</span> <span class='ocrx_word' id='word_1_80' title='bbox 406 839 515 877; x_wconf 91' lang='lat' dir='ltr'>illum</span> <span class='ocrx_word' id='word_1_81' title='bbox 536 840 734 877; x_wconf 78' lang='lat' dir='ltr'>accusabo</span> <span class='ocrx_word' id='word_1_82' title='bbox 756 853 875 889; x_wconf 87' lang='lat' dir='ltr'>quam</span> <span class='ocrx_word' id='word_1_83' title='bbox 898 847 935 877; x_wconf 92' lang='lat' dir='ltr'>te</span> <span class='ocrx_word' id='word_1_84' title='bbox 955 838 1139 877; x_wconf 88' lang='lat' dir='ltr'>accusaui</span> <span class='ocrx_word' id='word_1_85' title='bbox 1159 837 1337 888; x_wconf 83' lang='lat' dir='ltr'>amplius.</span> <span class='ocrx_word' id='word_1_86' title='bbox 1484 851 1527 882; x_wconf 88' lang='lat'>50</span> 
     </span>
     <span class='ocr_line' id='line_1_14' title="bbox 130 903 1449 954; baseline -0.001 -13"><span class='ocrx_word' id='word_1_87' title='bbox 130 905 292 953; x_wconf 92' lang='lat' dir='ltr'>quando</span> <span class='ocrx_word' id='word_1_88' title='bbox 312 912 350 943; x_wconf 94' lang='lat' dir='ltr'>te</span> <span class='ocrx_word' id='word_1_89' title='bbox 371 913 546 944; x_wconf 88' lang='lat' dir='ltr'>auratam</span> <span class='ocrx_word' id='word_1_90' title='bbox 567 914 605 944; x_wconf 92' lang='lat' dir='ltr'>et</span> <span class='ocrx_word' id='word_1_91' title='bbox 627 906 809 944; x_wconf 90' lang='lat' dir='ltr'>uestitam</span> <span class='ocrx_word' id='word_1_92' title='bbox 830 906 933 944; x_wconf 88' lang='lat' dir='ltr'>bene</span> <span class='ocrx_word' id='word_1_93' title='bbox 954 904 1084 951; x_wconf 86' lang='lat' dir='ltr'>habet,</span> <span class='ocrx_word' id='word_1_94' title='bbox 1107 903 1278 950; x_wconf 85' lang='lat' dir='ltr'>ancillas,</span> <span class='ocrx_word' id='word_1_95' title='bbox 1301 917 1449 954; x_wconf 87' lang='lat' dir='ltr'>penum</span> 
     </span>
     <span class='ocr_line' id='line_1_15' title="bbox 130 969 1433 1019; baseline 0 -13"><span class='ocrx_word' id='word_1_96' title='bbox 130 976 234 1007; x_wconf 90' lang='lat' dir='ltr'>recte</span> <span class='ocrx_word' id='word_1_97' title='bbox 254 970 468 1019; x_wconf 87' lang='lat' dir='ltr'>praehibet,</span> <span class='ocrx_word' id='word_1_98' title='bbox 492 971 632 1010; x_wconf 89' lang='lat' dir='ltr'>melius</span> <span class='ocrx_word' id='word_1_99' title='bbox 654 985 790 1009; x_wconf 89' lang='lat' dir='ltr'>sanam</span> <span class='ocrx_word' id='word_1_100' title='bbox 811 978 880 1018; x_wconf 85' lang='lat' dir='ltr'>est,</span> <span class='ocrx_word' id='word_1_101' title='bbox 905 969 1054 1016; x_wconf 90' lang='lat' dir='ltr'>mulier,</span> <span class='ocrx_word' id='word_1_102' title='bbox 1074 976 1247 1007; x_wconf 87' lang='lat' dir='ltr'>mentem</span> <span class='ocrx_word' id='word_1_103' title='bbox 1268 982 1433 1007; x_wconf 88' lang='lat' dir='ltr'>sumere.</span> 
     </span>
     <span class='ocr_line' id='line_1_16' title="bbox 133 1033 1380 1087; baseline 0 -16"><span class='ocrx_word' id='word_1_104' title='bbox 133 1035 216 1072; x_wconf 86' lang='lat' dir='ltr'>MA.</span> <span class='ocrx_word' id='word_1_105' title='bbox 247 1042 287 1073; x_wconf 90' lang='lat' dir='ltr'>at</span> <span class='ocrx_word' id='word_1_106' title='bbox 307 1035 371 1074; x_wconf 89' lang='lat' dir='ltr'>ille</span> <span class='ocrx_word' id='word_1_107' title='bbox 392 1037 562 1087; x_wconf 85' lang='lat' dir='ltr'>suppilat</span> <span class='ocrx_word' id='word_1_108' title='bbox 582 1036 680 1074; x_wconf 86' lang='lat' dir='ltr'>mihi</span> <span class='ocrx_word' id='word_1_109' title='bbox 699 1050 838 1075; x_wconf 88' lang='lat' dir='ltr'>aurum</span> <span class='ocrx_word' id='word_1_110' title='bbox 860 1043 898 1074; x_wconf 90' lang='lat' dir='ltr'>et</span> <span class='ocrx_word' id='word_1_111' title='bbox 919 1037 1040 1086; x_wconf 88' lang='lat' dir='ltr'>pallas</span> <span class='ocrx_word' id='word_1_112' title='bbox 1062 1048 1109 1073; x_wconf 85' lang='lat' dir='ltr'>ex</span> <span class='ocrx_word' id='word_1_113' title='bbox 1128 1033 1226 1072; x_wconf 89' lang='lat' dir='ltr'>arcis</span> <span class='ocrx_word' id='word_1_114' title='bbox 1247 1035 1380 1081; x_wconf 86' lang='lat' dir='ltr'>domo,</span> 
     </span>
     <span class='ocr_line' id='line_1_17' title="bbox 131 1098 1401 1151; baseline 0 -15"><span class='ocrx_word' id='word_1_115' title='bbox 131 1112 196 1137; x_wconf 90' lang='lat' dir='ltr'>me</span> <span class='ocrx_word' id='word_1_116' title='bbox 215 1100 424 1151; x_wconf 86' lang='lat' dir='ltr'>despoliat,</span> <span class='ocrx_word' id='word_1_117' title='bbox 444 1115 533 1140; x_wconf 89' lang='lat' dir='ltr'>mea</span> <span class='ocrx_word' id='word_1_118' title='bbox 553 1109 785 1140; x_wconf 87' lang='lat' dir='ltr'>ornamenta</span> <span class='ocrx_word' id='word_1_119' title='bbox 805 1103 906 1139; x_wconf 89' lang='lat' dir='ltr'>clam</span> <span class='ocrx_word' id='word_1_120' title='bbox 927 1101 978 1139; x_wconf 87' lang='lat' dir='ltr'>ad</span> <span class='ocrx_word' id='word_1_121' title='bbox 999 1098 1222 1138; x_wconf 87' lang='lat' dir='ltr'>meretrices</span> <span class='ocrx_word' id='word_1_122' title='bbox 1243 1098 1401 1148; x_wconf 86' lang='lat' dir='ltr'>degerit.</span> 
     </span>
    </p>

    <p class='ocr_par' dir='ltr' id='par_1_8' title="bbox 2 1163 1526 1280">
     <span class='ocr_line' id='line_1_18' title="bbox 2 1163 1526 1213; baseline -0.001 -11"><span class='ocrx_word' id='word_1_123' title='bbox 2 1191 3 1194; x_wconf 53' lang='lat'><em>=</em></span> <span class='ocrx_word' id='word_1_124' title='bbox 46 1169 112 1212; x_wconf 84' lang='lat'>805</span> <span class='ocrx_word' id='word_1_125' title='bbox 133 1165 196 1203; x_wconf 84' lang='lat' dir='ltr'>SE.</span> <span class='ocrx_word' id='word_1_126' title='bbox 229 1167 331 1204; x_wconf 90' lang='lat' dir='ltr'>male</span> <span class='ocrx_word' id='word_1_127' title='bbox 351 1166 453 1213; x_wconf 86' lang='lat' dir='ltr'>facit,</span> <span class='ocrx_word' id='word_1_128' title='bbox 477 1166 508 1204; x_wconf 88' lang='lat' dir='ltr'>si</span> <span class='ocrx_word' id='word_1_129' title='bbox 530 1166 629 1205; x_wconf 91' lang='lat' dir='ltr'>istuc</span> <span class='ocrx_word' id='word_1_130' title='bbox 650 1166 741 1204; x_wconf 89' lang='lat' dir='ltr'>facit</span> <span class='ocrx_word' id='word_1_131' title='bbox 763 1180 770 1211; x_wconf 90' lang='lat'>;</span> <span class='ocrx_word' id='word_1_132' title='bbox 798 1166 829 1204; x_wconf 89' lang='lat' dir='ltr'>si</span> <span class='ocrx_word' id='word_1_133' title='bbox 851 1179 931 1204; x_wconf 91' lang='lat' dir='ltr'>non</span> <span class='ocrx_word' id='word_1_134' title='bbox 952 1165 1054 1211; x_wconf 89' lang='lat' dir='ltr'>facit,</span> <span class='ocrx_word' id='word_1_135' title='bbox 1077 1172 1118 1202; x_wconf 90' lang='lat' dir='ltr'>tu</span> <span class='ocrx_word' id='word_1_136' title='bbox 1140 1165 1242 1202; x_wconf 87' lang='lat' dir='ltr'>male</span> <span class='ocrx_word' id='word_1_137' title='bbox 1262 1163 1356 1202; x_wconf 86' lang='lat' dir='ltr'>facis</span> <span class='ocrx_word' id='word_1_138' title='bbox 1487 1177 1526 1209; x_wconf 89' lang='grc'>55</span> 
     </span>
     <span class='ocr_line' id='line_1_19' title="bbox 132 1229 1464 1280; baseline 0 -12"><span class='ocrx_word' id='word_1_139' title='bbox 132 1242 233 1279; x_wconf 88' lang='lat' dir='ltr'>quae</span> <span class='ocrx_word' id='word_1_140' title='bbox 271 1230 470 1269; x_wconf 87' lang='lat' dir='ltr'>insontem</span> <span class='ocrx_word' id='word_1_141' title='bbox 510 1232 724 1270; x_wconf 88' lang='lat' dir='ltr'>insimules.</span> <span class='ocrx_word' id='word_1_142' title='bbox 800 1232 883 1268; x_wconf 75' lang='lat' dir='ltr'>MA.</span> <span class='ocrx_word' id='word_1_143' title='bbox 929 1230 1024 1280; x_wconf 89' lang='lat' dir='ltr'>quin</span> <span class='ocrx_word' id='word_1_144' title='bbox 1058 1229 1175 1267; x_wconf 89' lang='lat' dir='ltr'>etiam</span> <span class='ocrx_word' id='word_1_145' title='bbox 1207 1243 1314 1267; x_wconf 90' lang='lat' dir='ltr'>nunc</span> <span class='ocrx_word' id='word_1_146' title='bbox 1345 1229 1464 1268; x_wconf 89' lang='lat' dir='ltr'>habet</span> 
     </span>
    </p>

    <p class='ocr_par' dir='ltr' id='par_1_9' title="bbox 133 1296 1465 1607">
     <span class='ocr_line' id='line_1_20' title="bbox 1164 1296 1463 1344; baseline 0.003 -12"><span class='ocrx_word' id='word_1_147' title='bbox 1164 1296 1319 1344; x_wconf 90' lang='lat' dir='ltr'>pallam,</span> <span class='ocrx_word' id='word_1_148' title='bbox 1342 1302 1463 1344; x_wconf 90' lang='lat' dir='ltr'>pater,</span> 
     </span>
     <span class='ocr_line' id='line_1_21' title="bbox 133 1358 1464 1413; baseline -0.002 -15"><span class='ocrx_word' id='word_1_149' title='bbox 133 1359 209 1413; x_wconf 81' lang='lat' dir='ltr'>(et)</span> <span class='ocrx_word' id='word_1_150' title='bbox 241 1361 399 1411; x_wconf 85' lang='lat' dir='ltr'>spinter,</span> <span class='ocrx_word' id='word_1_151' title='bbox 433 1363 542 1411; x_wconf 90' lang='lat' dir='ltr'>quod</span> <span class='ocrx_word' id='word_1_152' title='bbox 573 1363 624 1400; x_wconf 90' lang='lat' dir='ltr'>ad</span> <span class='ocrx_word' id='word_1_153' title='bbox 656 1363 759 1399; x_wconf 86' lang='lat' dir='ltr'>hanc</span> <span class='ocrx_word' id='word_1_154' title='bbox 793 1362 997 1406; x_wconf 80' lang='lat' dir='ltr'>detulerat,</span> <span class='ocrx_word' id='word_1_155' title='bbox 1032 1373 1147 1405; x_wconf 90' lang='lat' dir='ltr'>nunc,</span> <span class='ocrx_word' id='word_1_156' title='bbox 1183 1358 1275 1409; x_wconf 90' lang='lat' dir='ltr'>quia</span> <span class='ocrx_word' id='word_1_157' title='bbox 1314 1359 1464 1406; x_wconf 89' lang='lat' dir='ltr'>resciui,</span> 
     </span>
     <span class='ocr_line' id='line_1_22' title="bbox 1339 1426 1463 1463; baseline 0 -1"><span class='ocrx_word' id='word_1_158' title='bbox 1339 1426 1463 1463; x_wconf 89' lang='lat' dir='ltr'>refert.</span> 
     </span>
     <span class='ocr_line' id='line_1_23' title="bbox 135 1488 1465 1542; baseline -0.002 -12"><span class='ocrx_word' id='word_1_159' title='bbox 135 1494 198 1530; x_wconf 84' lang='lat' dir='ltr'>SE.</span> <span class='ocrx_word' id='word_1_160' title='bbox 231 1492 308 1530; x_wconf 74' lang='lat' dir='ltr'>iam</span> <span class='ocrx_word' id='word_1_161' title='bbox 330 1506 404 1542; x_wconf 83' lang='lat' dir='ltr'>ego</span> <span class='ocrx_word' id='word_1_162' title='bbox 424 1506 470 1530; x_wconf 84' lang='lat' dir='ltr'>ex</span> <span class='ocrx_word' id='word_1_163' title='bbox 491 1494 578 1540; x_wconf 90' lang='lat' dir='ltr'>hoc,</span> <span class='ocrx_word' id='word_1_164' title='bbox 602 1499 644 1530; x_wconf 91' lang='lat' dir='ltr'>ut</span> <span class='ocrx_word' id='word_1_165' title='bbox 665 1492 861 1539; x_wconf 81' lang='lat' dir='ltr'>factumst,</span> <span class='ocrx_word' id='word_1_166' title='bbox 884 1491 1004 1529; x_wconf 87' lang='lat' dir='ltr'>scibo.</span> <span class='ocrx_word' id='word_1_167' title='bbox 1068 1488 1172 1542; x_wconf 73' lang='lat' dir='ltr'>(ibo)</span> <span class='ocrx_word' id='word_1_168' title='bbox 1190 1491 1241 1528; x_wconf 87' lang='lat' dir='ltr'>ad</span> <span class='ocrx_word' id='word_1_169' title='bbox 1262 1489 1465 1528; x_wconf 88' lang='lat' dir='ltr'>hominem</span> 
     </span>
     <span class='ocr_line' id='line_1_24' title="bbox 1086 1553 1463 1607; baseline -0.003 -14"><span class='ocrx_word' id='word_1_170' title='bbox 1086 1563 1205 1605; x_wconf 90' lang='lat' dir='ltr'>atque</span> <span class='ocrx_word' id='word_1_171' title='bbox 1225 1553 1463 1607; x_wconf 77' lang='lat' dir='ltr'>&lt;ad&gt;loquar.</span> 
     </span>
    </p>

    <p class='ocr_par' dir='ltr' id='par_1_10' title="bbox 134 1619 1437 1672">
     <span class='ocr_line' id='line_1_25' title="bbox 134 1619 1437 1672; baseline -0.003 -11"><span class='ocrx_word' id='word_1_172' title='bbox 134 1622 199 1661; x_wconf 87' lang='lat' dir='ltr'>dic</span> <span class='ocrx_word' id='word_1_173' title='bbox 220 1623 316 1661; x_wconf 88' lang='lat' dir='ltr'>mihi</span> <span class='ocrx_word' id='word_1_174' title='bbox 337 1623 448 1670; x_wconf 78' lang='lat' dir='ltr'>istuc,</span> <span class='ocrx_word' id='word_1_175' title='bbox 473 1623 750 1668; x_wconf 85' lang='lat' dir='ltr'>Menaechme,</span> <span class='ocrx_word' id='word_1_176' title='bbox 774 1623 882 1672; x_wconf 87' lang='lat' dir='ltr'>quod</span> <span class='ocrx_word' id='word_1_177' title='bbox 903 1635 975 1660; x_wconf 88' lang='lat' dir='ltr'>uos</span> <span class='ocrx_word' id='word_1_178' title='bbox 996 1620 1222 1667; x_wconf 87' lang='lat' dir='ltr'>dissertatis,</span> <span class='ocrx_word' id='word_1_179' title='bbox 1241 1628 1283 1658; x_wconf 88' lang='lat' dir='ltr'>ut</span> <span class='ocrx_word' id='word_1_180' title='bbox 1304 1619 1437 1658; x_wconf 88' lang='lat' dir='ltr'>sciam.</span> 
     </span>
    </p>

    <p class='ocr_par' dir='ltr' id='par_1_11' title="bbox 49 1684 1527 1805">
     <span class='ocr_line' id='line_1_26' title="bbox 49 1684 1527 1738; baseline -0.005 -11"><span class='ocrx_word' id='word_1_181' title='bbox 49 1694 117 1727; x_wconf 89' lang='lat'>810</span> <span class='ocrx_word' id='word_1_182' title='bbox 136 1689 232 1738; x_wconf 87' lang='lat' dir='ltr'>quid</span> <span class='ocrx_word' id='word_1_183' title='bbox 253 1696 295 1727; x_wconf 89' lang='lat' dir='ltr'>tu</span> <span class='ocrx_word' id='word_1_184' title='bbox 316 1689 432 1726; x_wconf 89' lang='lat' dir='ltr'>tristis</span> <span class='ocrx_word' id='word_1_185' title='bbox 454 1690 525 1726; x_wconf 89' lang='lat' dir='ltr'>es?</span> <span class='ocrx_word' id='word_1_186' title='bbox 558 1687 655 1738; x_wconf 89' lang='lat' dir='ltr'>quid</span> <span class='ocrx_word' id='word_1_187' title='bbox 675 1686 741 1724; x_wconf 83' lang='lat' dir='ltr'>illa</span> <span class='ocrx_word' id='word_1_188' title='bbox 759 1695 892 1725; x_wconf 87' lang='lat' dir='ltr'>autern</span> <span class='ocrx_word' id='word_1_189' title='bbox 914 1687 1009 1724; x_wconf 88' lang='lat' dir='ltr'>irata</span> <span class='ocrx_word' id='word_1_190' title='bbox 1028 1699 1099 1736; x_wconf 89' lang='lat' dir='ltr'>aps</span> <span class='ocrx_word' id='word_1_191' title='bbox 1119 1693 1157 1723; x_wconf 91' lang='lat' dir='ltr'>te</span> <span class='ocrx_word' id='word_1_192' title='bbox 1177 1684 1358 1723; x_wconf 86' lang='lat' dir='ltr'>destitit?</span> <span class='ocrx_word' id='word_1_193' title='bbox 1485 1688 1527 1719; x_wconf 89' lang='lat'>60</span> 
     </span>
     <span class='ocr_line' id='line_1_27' title="bbox 139 1753 1464 1805; baseline -0.004 -13"><span class='ocrx_word' id='word_1_194' title='bbox 139 1757 253 1793; x_wconf 81' lang='grc' dir='ltr'><strong>ΜΕΝ.</strong></span> <span class='ocrx_word' id='word_1_195' title='bbox 285 1754 464 1805; x_wconf 87' lang='lat' dir='ltr'>quisquis</span> <span class='ocrx_word' id='word_1_196' title='bbox 483 1767 536 1802; x_wconf 89' lang='lat' dir='ltr'>es,</span> <span class='ocrx_word' id='word_1_197' title='bbox 552 1753 749 1805; x_wconf 87' lang='lat' dir='ltr'>quidquid</span> <span class='ocrx_word' id='word_1_198' title='bbox 769 1753 841 1791; x_wconf 89' lang='lat' dir='ltr'>tibi</span> <span class='ocrx_word' id='word_1_199' title='bbox 861 1765 1008 1791; x_wconf 90' lang='lat' dir='ltr'>nomen</span> <span class='ocrx_word' id='word_1_200' title='bbox 1029 1759 1098 1798; x_wconf 89' lang='lat' dir='ltr'>est,</span> <span class='ocrx_word' id='word_1_201' title='bbox 1117 1764 1246 1797; x_wconf 88' lang='lat' dir='ltr'>senex,</span> <span class='ocrx_word' id='word_1_202' title='bbox 1265 1763 1464 1788; x_wconf 87' lang='lat' dir='ltr'>summum</span> 
     </span>
    </p>

    <p class='ocr_par' dir='ltr' id='par_1_12' title="bbox 1326 1817 1465 1855">
     <span class='ocr_line' id='line_1_28' title="bbox 1326 1817 1465 1855; baseline 0 -1"><span class='ocrx_word' id='word_1_203' title='bbox 1326 1817 1465 1855; x_wconf 90' lang='lat' dir='ltr'>Iouem</span> 
     </span>
    </p>
   </div>
   <div class='ocr_carea' id='block_1_4' title="bbox 136 1919 1468 2360">
    <p class='ocr_par' dir='ltr' id='par_1_13' title="bbox 136 1919 1468 2360">
     <span class='ocr_line' id='line_1_29' title="bbox 181 1919 1467 1965; baseline -0.005 -10"><span class='ocrx_word' id='word_1_204' title='bbox 181 1934 244 1964; x_wconf 88' lang='lat'>793</span> <span class='ocrx_word' id='word_1_205' title='bbox 266 1925 294 1955; x_wconf 83' lang='lat' dir='ltr'>si</span> <span class='ocrx_word' id='word_1_206' title='bbox 311 1924 435 1955; x_wconf 69' lang='lat' dir='ltr'>Bothe:</span> <span class='ocrx_word' id='word_1_207' title='bbox 460 1924 533 1955; x_wconf 85' lang='lat' dir='ltr'>siue</span> <span class='ocrx_word' id='word_1_208' title='bbox 549 1923 614 1956; x_wconf 86' lang='lat' dir='ltr'>cod.</span> <span class='ocrx_word' id='word_1_209' title='bbox 635 1924 673 1965; x_wconf 84' lang='lat' dir='ltr'>(i.</span> <span class='ocrx_word' id='word_1_210' title='bbox 691 1924 728 1963; x_wconf 62' lang='lat'>9)</span> <span class='ocrx_word' id='word_1_211' title='bbox 820 1923 870 1954; x_wconf 85' lang='lat' dir='ltr'>vel</span> <span class='ocrx_word' id='word_1_212' title='bbox 887 1922 934 1953; x_wconf 92' lang='lat' dir='ltr'>illi</span> <span class='ocrx_word' id='word_1_213' title='bbox 1069 1931 1131 1961; x_wconf 85' lang='lat'>795</span> <span class='ocrx_word' id='word_1_214' title='bbox 1156 1931 1194 1951; x_wconf 88' lang='lat' dir='ltr'>se</span> <span class='ocrx_word' id='word_1_215' title='bbox 1215 1919 1408 1950; x_wconf 70' lang='lat' dir='ltr'>Aczdalius:</span> <span class='ocrx_word' id='word_1_216' title='bbox 1436 1925 1467 1950; x_wconf 90' lang='lat' dir='ltr'>te</span> 
     </span>
     <span class='ocr_line' id='line_1_30' title="bbox 136 1963 1466 2007; baseline -0.004 -9"><span class='ocrx_word' id='word_1_217' title='bbox 136 1968 200 1999; x_wconf 86' lang='lat' dir='ltr'>cod.</span> <span class='ocrx_word' id='word_1_218' title='bbox 310 1978 370 2007; x_wconf 89' lang='lat'>797</span> <span class='ocrx_word' id='word_1_219' title='bbox 396 1978 514 1999; x_wconf 85' lang='lat' dir='ltr'>carere</span> <span class='ocrx_word' id='word_1_220' title='bbox 534 1967 639 1998; x_wconf 80' lang='lat' dir='ltr'>Varro</span> <span class='ocrx_word' id='word_1_221' title='bbox 658 1967 696 1998; x_wconf 82' lang='lat' dir='ltr'>de</span> <span class='ocrx_word' id='word_1_222' title='bbox 711 1968 750 1998; x_wconf 92' lang='lat' dir='ltr'>L.</span> <span class='ocrx_word' id='word_1_223' title='bbox 769 1966 808 1998; x_wconf 91' lang='lat' dir='ltr'>L.</span> <span class='ocrx_word' id='word_1_224' title='bbox 832 1977 859 2005; x_wconf 81' lang='lat'>7,</span> <span class='ocrx_word' id='word_1_225' title='bbox 880 1977 944 2006; x_wconf 85' lang='lat'>54:</span> <span class='ocrx_word' id='word_1_226' title='bbox 969 1975 1108 2005; x_wconf 82' lang='lat' dir='ltr'>carpere</span> <span class='ocrx_word' id='word_1_227' title='bbox 1126 1964 1191 1995; x_wconf 82' lang='lat' dir='ltr'><em>cod.</em></span> <span class='ocrx_word' id='word_1_228' title='bbox 1300 1964 1362 2002; x_wconf 90' lang='lat'>798</span> <span class='ocrx_word' id='word_1_229' title='bbox 1386 1963 1466 1993; x_wconf 85' lang='lat' dir='ltr'>mihi</span> 
     </span>
     <span class='ocr_line' id='line_1_31' title="bbox 136 2007 1464 2051; baseline -0.005 -9"><span class='ocrx_word' id='word_1_230' title='bbox 136 2018 169 2042; x_wconf 87' lang='lat' dir='ltr'>te</span> <span class='ocrx_word' id='word_1_231' title='bbox 186 2012 232 2042; x_wconf 76' lang='grc' dir='ltr'>Β2</span> <span class='ocrx_word' id='word_1_232' title='bbox 248 2024 255 2043; x_wconf 91' lang='lat'>:</span> <span class='ocrx_word' id='word_1_233' title='bbox 279 2011 381 2042; x_wconf 87' lang='lat' dir='ltr'>mittit</span> <span class='ocrx_word' id='word_1_234' title='bbox 398 2011 461 2043; x_wconf 84' lang='lat' dir='ltr'>cod.</span> <span class='ocrx_word' id='word_1_235' title='bbox 626 2012 690 2042; x_wconf 91' lang='grc'>800</span> <span class='ocrx_word' id='word_1_236' title='bbox 714 2017 807 2042; x_wconf 87' lang='lat' dir='ltr'>tanto</span> <span class='ocrx_word' id='word_1_237' title='bbox 825 2011 899 2042; x_wconf 82' lang='lat' dir='ltr'>Ital.</span> <span class='ocrx_word' id='word_1_238' title='bbox 920 2009 993 2051; x_wconf 49' lang='lat' dir='ltr'>&lt;sed</span> <span class='ocrx_word' id='word_1_239' title='bbox 1005 2010 1041 2049; x_wconf 89' lang='lat' dir='ltr'>cs</span> <span class='ocrx_word' id='word_1_240' title='bbox 1063 2008 1148 2040; x_wconf 81' lang='lat' dir='ltr'>adv.</span> <span class='ocrx_word' id='word_1_241' title='bbox 1165 2007 1246 2048; x_wconf 83' lang='lat'>680)</span> <span class='ocrx_word' id='word_1_242' title='bbox 1403 2007 1464 2037; x_wconf 88' lang='lat'>801</span> 
     </span>
     <span class='ocr_line' id='line_1_32' title="bbox 136 2050 1467 2095; baseline -0.005 -9"><span class='ocrx_word' id='word_1_243' title='bbox 136 2056 275 2087; x_wconf 85' lang='lat' dir='ltr'>ancillas</span> <span class='ocrx_word' id='word_1_244' title='bbox 292 2065 418 2095; x_wconf 89' lang='lat' dir='ltr'>penum</span> <span class='ocrx_word' id='word_1_245' title='bbox 434 2055 510 2087; x_wconf 69' lang='lat' dir='ltr'>Ital.</span> <span class='ocrx_word' id='word_1_246' title='bbox 530 2067 537 2086; x_wconf 91' lang='lat'>:</span> <span class='ocrx_word' id='word_1_247' title='bbox 560 2055 771 2095; x_wconf 85' lang='lat' dir='ltr'>anpillaspen</span> <span class='ocrx_word' id='word_1_248' title='bbox 790 2054 856 2086; x_wconf 86' lang='lat' dir='ltr'>cod.</span> <span class='ocrx_word' id='word_1_249' title='bbox 968 2055 1032 2085; x_wconf 87' lang='lat'>802</span> <span class='ocrx_word' id='word_1_250' title='bbox 1057 2063 1207 2083; x_wconf 83' lang='lat' dir='ltr'>samnam</span> <span class='ocrx_word' id='word_1_251' title='bbox 1224 2050 1290 2082; x_wconf 81' lang='lat' dir='ltr'>cod.</span> <span class='ocrx_word' id='word_1_252' title='bbox 1402 2051 1467 2089; x_wconf 87' lang='lat'>803</span> 
     </span>
     <span class='ocr_line' id='line_1_33' title="bbox 137 2093 1467 2139; baseline -0.006 -8"><span class='ocrx_word' id='word_1_253' title='bbox 137 2101 258 2139; x_wconf 86' lang='lat' dir='ltr'>pallam</span> <span class='ocrx_word' id='word_1_254' title='bbox 276 2099 323 2130; x_wconf 73' lang='lat'>32</span> <span class='ocrx_word' id='word_1_255' title='bbox 413 2100 514 2130; x_wconf 85' lang='lat' dir='ltr'>domo</span> <span class='ocrx_word' id='word_1_256' title='bbox 532 2098 728 2130; x_wconf 79' lang='lat' dir='ltr'>Gulielmius</span> <span class='ocrx_word' id='word_1_257' title='bbox 743 2111 750 2130; x_wconf 72' lang='lat' dir='ltr'>z</span> <span class='ocrx_word' id='word_1_258' title='bbox 772 2099 873 2129; x_wconf 92' lang='lat' dir='ltr'>modo</span> <span class='ocrx_word' id='word_1_259' title='bbox 889 2097 954 2128; x_wconf 86' lang='lat' dir='ltr'>cod.</span> <span class='ocrx_word' id='word_1_260' title='bbox 1087 2097 1150 2133; x_wconf 88' lang='lat'>804</span> <span class='ocrx_word' id='word_1_261' title='bbox 1170 2096 1255 2126; x_wconf 89' lang='lat' dir='ltr'>clam</span> <span class='ocrx_word' id='word_1_262' title='bbox 1271 2093 1444 2124; x_wconf 74' lang='lat' dir='ltr'>Acidalius</span> <span class='ocrx_word' id='word_1_263' title='bbox 1461 2106 1467 2124; x_wconf 78' lang='lat' dir='ltr'><em>z</em></span> 
     </span>
     <span class='ocr_line' id='line_1_34' title="bbox 137 2137 1465 2186; baseline -0.004 -12"><span class='ocrx_word' id='word_1_264' title='bbox 137 2145 218 2174; x_wconf 82' lang='lat' dir='ltr'>tiam</span> <span class='ocrx_word' id='word_1_265' title='bbox 244 2149 280 2174; x_wconf 85' lang='lat' dir='ltr'>ut</span> <span class='ocrx_word' id='word_1_266' title='bbox 295 2143 357 2175; x_wconf 73' lang='lat' dir='ltr'>vid.</span> <span class='ocrx_word' id='word_1_267' title='bbox 378 2144 443 2174; x_wconf 82' lang='lat' dir='ltr'>cod.</span> <span class='ocrx_word' id='word_1_268' title='bbox 555 2145 635 2174; x_wconf 86' lang='lat' dir='ltr'>tiam</span> <span class='ocrx_word' id='word_1_269' title='bbox 654 2143 740 2186; x_wconf 69' lang='lat' dir='ltr'>[me]</span> <span class='ocrx_word' id='word_1_270' title='bbox 758 2144 799 2173; x_wconf 79' lang='lat' dir='ltr'>ad</span> <span class='ocrx_word' id='word_1_271' title='bbox 817 2153 879 2172; x_wconf 87' lang='lat' dir='ltr'>me.</span> <span class='ocrx_word' id='word_1_272' title='bbox 903 2140 975 2171; x_wconf 82' lang='lat' dir='ltr'>PCD</span> <span class='ocrx_word' id='word_1_273' title='bbox 1157 2141 1219 2178; x_wconf 91' lang='lat'>807</span> <span class='ocrx_word' id='word_1_274' title='bbox 1245 2143 1278 2168; x_wconf 85' lang='lat' dir='ltr'>et</span> <span class='ocrx_word' id='word_1_275' title='bbox 1295 2137 1371 2168; x_wconf 81' lang='lat' dir='ltr'>add.</span> <span class='ocrx_word' id='word_1_276' title='bbox 1391 2137 1465 2169; x_wconf 83' lang='lat' dir='ltr'>Ital.</span> 
     </span>
     <span class='ocr_line' id='line_1_35' title="bbox 137 2182 1466 2227; baseline -0.005 -9"><span class='ocrx_word' id='word_1_277' title='bbox 137 2187 200 2218; x_wconf 91' lang='lat'>808</span> <span class='ocrx_word' id='word_1_278' title='bbox 224 2188 298 2218; x_wconf 85' lang='lat' dir='ltr'>sibo</span> <span class='ocrx_word' id='word_1_279' title='bbox 322 2188 386 2219; x_wconf 86' lang='lat' dir='ltr'>cod.</span> <span class='ocrx_word' id='word_1_280' title='bbox 408 2191 500 2227; x_wconf 81' lang='lat' dir='ltr'>(corr.</span> <span class='ocrx_word' id='word_1_281' title='bbox 527 2187 588 2221; x_wconf 47' lang='lat'>3²5,</span> <span class='ocrx_word' id='word_1_282' title='bbox 614 2199 656 2223; x_wconf 50' lang='lat' dir='ltr'>,v.</span> <span class='ocrx_word' id='word_1_283' title='bbox 677 2188 716 2226; x_wconf 77' lang='lat'>9)</span> <span class='ocrx_word' id='word_1_284' title='bbox 830 2187 885 2216; x_wconf 92' lang='lat' dir='ltr'>ibo</span> <span class='ocrx_word' id='word_1_285' title='bbox 909 2185 983 2215; x_wconf 83' lang='lat' dir='ltr'>add.</span> <span class='ocrx_word' id='word_1_286' title='bbox 1011 2184 1223 2214; x_wconf 80' lang='lat' dir='ltr'>Camerarius</span> <span class='ocrx_word' id='word_1_287' title='bbox 1322 2182 1466 2220; x_wconf 88' lang='lat' dir='ltr'>adquem</span> 
     </span>
     <span class='ocr_line' id='line_1_36' title="bbox 138 2225 1468 2273; baseline -0.006 -11"><span class='ocrx_word' id='word_1_288' title='bbox 138 2233 255 2271; x_wconf 86' lang='lat' dir='ltr'>(atque</span> <span class='ocrx_word' id='word_1_289' title='bbox 272 2231 336 2273; x_wconf 56' lang='lat' dir='ltr'>BQ)</span> <span class='ocrx_word' id='word_1_290' title='bbox 350 2233 469 2271; x_wconf 89' lang='lat' dir='ltr'>loquar</span> <span class='ocrx_word' id='word_1_291' title='bbox 481 2231 546 2262; x_wconf 88' lang='lat' dir='ltr'>cod.</span> <span class='ocrx_word' id='word_1_292' title='bbox 565 2243 571 2262; x_wconf 91' lang='lat'>:</span> <span class='ocrx_word' id='word_1_293' title='bbox 597 2242 674 2262; x_wconf 75' lang='lat' dir='ltr'>corr.</span> <span class='ocrx_word' id='word_1_294' title='bbox 693 2230 880 2261; x_wconf 64' lang='lat' dir='ltr'>Saracenas</span> <span class='ocrx_word' id='word_1_295' title='bbox 969 2229 1034 2267; x_wconf 91' lang='lat'>809</span> <span class='ocrx_word' id='word_1_296' title='bbox 1049 2227 1129 2266; x_wconf 88' lang='lat' dir='ltr'>quid</span> <span class='ocrx_word' id='word_1_297' title='bbox 1143 2226 1300 2256; x_wconf 70' lang='lat' dir='ltr'>Boxlzorn</span> <span class='ocrx_word' id='word_1_298' title='bbox 1401 2225 1468 2255; x_wconf 87' lang='lat'>810</span> 
     </span>
     <span class='ocr_line' id='line_1_37' title="bbox 137 2268 1464 2309; baseline -0.004 -5"><span class='ocrx_word' id='word_1_299' title='bbox 137 2275 227 2305; x_wconf 88' lang='lat' dir='ltr'>illam</span> <span class='ocrx_word' id='word_1_300' title='bbox 248 2275 280 2305; x_wconf 88' lang='grc' dir='ltr'><em>Β</em></span> <span class='ocrx_word' id='word_1_301' title='bbox 377 2276 493 2306; x_wconf 79' lang='lat' dir='ltr'>iratam</span> <span class='ocrx_word' id='word_1_302' title='bbox 513 2275 578 2306; x_wconf 82' lang='lat' dir='ltr'>cod.</span> <span class='ocrx_word' id='word_1_303' title='bbox 681 2274 810 2305; x_wconf 86' lang='lat' dir='ltr'>destitit</span> <span class='ocrx_word' id='word_1_304' title='bbox 833 2272 971 2303; x_wconf 75' lang='lat' dir='ltr'>Densa:</span> <span class='ocrx_word' id='word_1_305' title='bbox 1003 2271 1148 2302; x_wconf 86' lang='lat' dir='ltr'>destitus</span> <span class='ocrx_word' id='word_1_306' title='bbox 1171 2274 1207 2300; x_wconf 83' lang='lat' dir='ltr'>nt</span> <span class='ocrx_word' id='word_1_307' title='bbox 1224 2268 1287 2301; x_wconf 76' lang='lat' dir='ltr'><em>vid.</em></span> <span class='ocrx_word' id='word_1_308' title='bbox 1307 2268 1372 2299; x_wconf 81' lang='lat' dir='ltr'>cod.</span> <span class='ocrx_word' id='word_1_309' title='bbox 1393 2269 1464 2309; x_wconf 83' lang='lat' dir='ltr'>(de-</span> 
     </span>
     <span class='ocr_line' id='line_1_38' title="bbox 137 2318 610 2360; baseline 0 -11"><span class='ocrx_word' id='word_1_310' title='bbox 137 2319 248 2350; x_wconf 85' lang='lat' dir='ltr'>stituis</span> <span class='ocrx_word' id='word_1_311' title='bbox 264 2320 306 2355; x_wconf 81' lang='grc' dir='ltr'>Β,</span> <span class='ocrx_word' id='word_1_312' title='bbox 327 2319 505 2351; x_wconf 86' lang='lat' dir='ltr'>dedistitus</span> <span class='ocrx_word' id='word_1_313' title='bbox 521 2318 610 2360; x_wconf 80' lang='lat' dir='ltr'>PCD)</span> 
     </span>
    </p>
   </div>
  </div>
 </body>
</html>
