1727 2712
703 133 978 171 ASINARIA
1454 131 1501 168 V.
1523 130 1553 167 ii

87 255 156 290 930
175 245 248 281 PH.
280 251 433 282 ecastor
453 244 521 293 qui
541 251 813 295 surrupturum
834 245 977 294 pallam
998 243 1176 294 promisit
1196 243 1278 282 tibi.
1525 254 1568 284 80

176 311 250 347 DE.
283 323 364 347 non
403 311 540 348 taces?
606 311 712 348 ARG.
754 323 827 359 ego
865 309 1160 357 dissuadebam,
1195 316 1328 347 mater.
1399 310 1502 346 ART.

1188 375 1336 413 bellum
1357 373 1481 411 filium
1499 376 1506 411 Ξ

173 439 335 479 istoscin
356 448 507 491 patrem
528 454 700 492 aequom
721 447 780 480 est
801 454 929 480 mores
950 439 1081 479 liberis
1102 439 1301 490 largirier?

173 505 281 544 nilne
296 514 334 545 te
355 507 508 556 pudet?
566 509 642 545 DE.
666 507 742 557 pol,
762 505 794 545 si
809 505 917 544 aliud
933 505 988 543 nil
1004 505 1062 552 sit,
1082 505 1139 543 tui
1156 519 1229 551 me,
1245 518 1352 551 uxor,
1371 504 1504 554 pudet.

173 573 277 609 ART.
309 585 410 610 cano
430 571 559 622 capite
579 579 617 611 te
638 569 823 611 ouculum
844 573 941 610 uxor
960 585 1007 610 ex
1027 570 1157 609 lustris
1178 569 1287 620 rapit.

85 643 152 679 935
175 638 251 674 DE.
283 651 364 675 non
385 626 476 676 lices:
497 651 655 677 manere
677 638 793 688 (cena
813 637 1012 687 coquitur)
1034 638 1131 676 dum
1152 650 1292 675 cenem
1314 636 1466 674 modo?
1526 643 1566 680 85

172 703 277 739 ART.
309 710 461 740 ecastor
481 703 641 741 cenabis
662 703 792 749 hodie,
816 705 859 741 ut
879 703 1042 753 dignu’s‚
1067 715 1255 752 magnum
1276 702 1435 739 malum.

174 768 249 804 DE.
291 769 393 805 male
438 768 670 807 cubandum
715 775 796 807 est:
845 767 1063 807 iudicatum
1109 780 1174 805 me
1213 780 1309 805 uxor
1342 764 1506 804 abducit

1326 831 1502 870 domurn.

170 898 276 935 ARG.
307 897 503 944 dicebam,
527 906 647 949 pater,
671 898 742 937 tibi
762 912 813 937 ne
834 898 947 936 matri
967 899 1194 936 consuleres
1215 898 1328 934 male.

172 963 246 1000 PH.
278 963 328 1001 de
356 964 460 1012 palla
480 971 694 1010 memento,
716 964 871 1002 amabo.
934 964 1010 1001 DE.
1043 962 1164 1001 iuben
1185 962 1288 1000 hanc
1309 961 1402 999 hinc
1421 974 1504 1011 aps-

1337 1027 1506 1066 cedere?

84 1106 154 1140 940
172 1093 275 1130 ART.
307 1091 319 1130 i
349 1094 526 1132 domum.
587 1095 661 1132 PH.
694 1095 746 1133 da
775 1093 929 1132 sanium
959 1093 1077 1133 etiam
1104 1093 1202 1144 priu'
1230 1106 1350 1143 quam
1376 1091 1503 1130 abitis.
1524 1109 1569 1142 90

1132 1161 1208 1197 DE.
1242 1159 1254 1196 i
1274 1157 1314 1195 in
1334 1170 1502 1196 crucem.

172 1224 246 1262 ΡΗ.
278 1223 402 1263 immo
436 1223 541 1263 intus
575 1224 771 1275 potius—.
842 1238 1005 1275 sequere
1044 1225 1118 1262 hac
1158 1237 1232 1270 me,
1270 1222 1323 1261 mi
1361 1221 1503 1260 anime.

1003 1292 1108 1328 ARG.
1141 1288 1214 1339 e'go
1234 1302 1330 1327 uero
1350 1301 1502 1338 sequor.

757 1400 913 1439 GREx

173 1481 254 1520 Hic
274 1495 394 1520 senex
414 1481 446 1520 si
466 1481 563 1532 quid
583 1483 685 1520 clam
707 1495 869 1520 uxorem
890 1495 962 1519 suo
982 1480 1117 1519 animo
1138 1480 1229 1519 fecit
1250 1481 1385 1530 uolup,

172 1561 302 1597 neque
322 1561 471 1586 nouom
492 1560 623 1597 neque
645 1547 786 1585 mirum
808 1546 899 1585 fecit
916 1560 989 1585 nec
1006 1560 1119 1585 secus
1135 1560 1254 1596 quam
1271 1545 1337 1583 alii
1354 1546 1480 1583 solent
1497 1559 1506 1591 3

172 1625 246 1650 nec
266 1611 475 1662 quisquam
497 1620 555 1650 est
576 1620 655 1650 tarn
677 1611 836 1662 ingenio
856 1612 955 1650 duro
976 1624 1050 1649 nec
1071 1619 1151 1649 tam
1172 1612 1286 1649 firmo
1306 1618 1465 1661 pectore

83 1687 151 1723 945
172 1676 268 1727 quin
289 1676 356 1715 ubi
377 1677 554 1727 quidque
574 1676 794 1716 occasionis
815 1676 864 1715 sit
885 1676 958 1715 sibi
979 1676 1095 1715 faciat
1116 1676 1228 1715 bene.

1525 1695 1566 1725 95

171 1755 278 1780 nunc
298 1741 330 1780 si
350 1742 467 1781 uoltis
488 1741 690 1792 deprecari
711 1743 804 1781 huic
825 1742 909 1781 seni
930 1756 980 1781 ne
1000 1743 1173 1793 uapulet,

170 1821 300 1847 remur
320 1807 518 1859 impetrari
538 1822 665 1859 posse,
689 1809 872 1859 plausum
893 1807 925 1847 si
945 1809 1094 1847 clarum
1115 1808 1227 1847 datis.

215 1919 281 1948 932
303 1909 351 1939 vel
366 1914 542 1948 aequomst
631 1915 684 1941 est
701 1920 814 1941 mores
831 1909 971 1950 Pylades
986 1923 992 1941 :
1017 1920 1130 1941 mores
1147 1916 1199 1941 est
1214 1909 1284 1941 cod.
1442 1912 1507 1949 936

172 1953 221 1983 vel
233 1953 280 1983 uti
340 1954 462 1992 dignus
474 1964 512 1984 es
525 1953 702 1984 Gruterus:
729 1955 867 1992 dignum
885 1959 938 1985 est
954 1953 1020 1986 cod.
1041 1954 1080 1993 (i.
1093 1964 1120 1993 7,
1138 1965 1172 1993 p.
1190 1954 1248 1994 20)
1339 1963 1402 1993 937
1427 1954 1503 1984 abd.

172 1995 289 2026 Dousa
303 2008 311 2027 :
335 1997 472 2028 adducit
488 1997 558 2027 cod.
575 2009 581 2027 :
610 1997 702 2028 ducit
718 1997 807 2029 codd.
825 1998 931 2028 Nonii
946 1999 1016 2030 128.
1027 1999 1108 2036 sort.
1128 2002 1204 2028 recte
1347 2008 1422 2037 940,
1442 2007 1502 2037 941

173 2040 297 2070 inverso
313 2039 423 2070 ordine
437 2040 521 2071 cod.:
540 2041 806 2071 corr.Heckesten
895 2052 960 2081 940
979 2041 1079 2071 abitis
1089 2041 1210 2072 Bothe:
1237 2041 1322 2071 abiis
1335 2040 1402 2071 cod.
1416 2041 1504 2079 (abis

173 2083 238 2121 PE)
342 2094 404 2122 941
431 2084 521 2114 intro
537 2084 612 2114 edd.
629 2084 684 2124 (cf.
703 2085 820 2124 Quinl.
841 2094 866 2122 Ι,
883 2094 914 2124 5,
930 2085 989 2123 5ο)
1097 2096 1161 2123 942
1186 2095 1280 2116 suam
1297 2084 1389 2115 codd.
1406 2083 1509 2114 Nonii

176 2128 235 2165 187
327 2128 432 2166 uolup
444 2131 581 2158 testatur
594 2128 725 2159 Nonius
740 2140 746 2159 :
773 2129 957 2168 uoluptatis
973 2127 1043 2159 cod.
1063 2129 1101 2169 (i.
1119 2130 1156 2169 8)
1276 2130 1341 2168 946
1365 2128 1414 2159 vel
1427 2128 1504 2158 huTc

172 2180 235 2209 947
261 2170 322 2212 [si]
341 2170 495 2211 plausum
513 2171 543 2202 si
557 2172 621 2211 §sic
639 2171 732 2213 PBD‘)
753 2172 879 2203 clarum
895 2172 964 2203 cod.
982 2172 1044 2212 (iv.
1060 2181 1091 2211 3.
1110 2173 1145 2212 4)
