1727 2712
694 69 1019 110 BACCHIDES
1469 70 1517 107 V.
1539 68 1569 106 ii

246 184 314 223 N1.
345 183 445 222 haec
471 195 568 221 oues
599 182 714 221 uobis
745 183 887 220 malam
916 194 997 220 rem
1026 194 1208 232 magnam
1234 194 1353 232 quam
1375 181 1523 220 debent

1357 247 1521 285 dabunt

245 316 317 353 ΒΑ.
348 313 379 353 si
400 327 518 364 quam
535 313 672 362 debes,
685 321 724 352 te
744 314 956 352 condono:
986 312 1056 352 tibi
1078 313 1191 360 habe,
1215 325 1432 363 numquam
1453 325 1523 362 aps

1320 385 1357 416 te
1377 385 1520 428 petam.

246 446 315 484 sed
335 444 432 495 quid
453 452 511 483 est
531 452 770 495 quapropter
791 444 905 483 nobis
927 457 999 482 uos
1021 445 1168 482 malum
1191 442 1460 482 minitamini?

85 524 172 560 1145
245 512 320 549 PH.
352 510 445 560 quia
465 518 619 549 nostros
639 523 762 560 agnos
783 511 992 549 conclusos
1012 509 1099 548 istie
1119 522 1204 548 esse
1224 509 1334 548 aiunt
1354 510 1466 548 duos.

245 577 311 615 Νι.
343 583 381 614 et
402 583 553 626 praeter
568 588 636 614 eos
651 588 773 626 agnos
791 588 902 614 meus
918 583 976 614 est
993 574 1078 613 istic
1095 576 1195 613 clam
1214 575 1374 613 mordax
1390 574 1498 612 canis
1515 589 1522 612 :
1542 589 1582 620 30

244 640 311 691 qui
332 640 406 678 nisi
427 640 542 679 nobis
562 642 835 691 producuntur
855 640 931 678 iam
953 648 1072 690 atque
1092 640 1324 679 emittuntur
1344 641 1459 688 foras,

244 706 383 745 arietes
404 712 532 744 truces
553 719 626 745 nos
647 705 805 753 erimus,
826 706 904 744 iam
925 706 965 744 in
987 719 1058 744 uos
1080 705 1378 744 incursabimus.

193 773 263 810 BA.
296 784 414 818 soror,
437 778 495 809 est
521 772 630 821 quod
651 779 689 810 te
710 773 803 810 uolo
827 772 988 810 secreto.
1049 773 1114 809 So.
1137 772 1224 817 eho,
1247 771 1401 809 amabo.
1453 772 1518 810 N1.

1113 837 1193 886 quo
1215 836 1326 875 illaec
1346 837 1523 875 abeunt?

81 916 172 953 1150
193 905 263 942 ΒΑ.
296 915 432 941 senem
467 902 576 940 illum
609 902 678 941 tibi
711 903 816 941 dedo
848 901 1083 949 ulteriorem,
1117 901 1247 953 lepide
1282 910 1323 940 ut
1357 902 1521 941 lenitum

1356 969 1523 1015 reddas3

189 1047 264 1084 ego
294 1034 345 1072 ad
379 1034 485 1072 hunc
516 1033 655 1072 iratum
685 1033 899 1084 adgrediar.
970 1036 1171 1083 possumu’
1207 1047 1279 1072 nos
1313 1035 1385 1072 hos
1420 1033 1522 1071 intro
1543 1049 1581 1081 35

1252 1098 1410 1137 inlicere
1431 1100 1518 1137 huc.

190 1165 255 1202 So.
287 1176 419 1201 meum
442 1176 608 1214 pensum
631 1177 703 1214 ego
724 1163 855 1213 lepide
875 1164 1095 1202 accurabo:
1117 1177 1236 1214 quam
1259 1163 1441 1202 odiosum
1464 1172 1521 1203 est

1099 1236 1265 1268 mortem
1286 1229 1498 1280 amplexari
1515 1232 1522 1267 ἔ

191 1296 261 1332 ΒΑ.
304 1294 422 1332 facito
456 1302 498 1332 ut
533 1294 661 1332 facias.
733 1295 797 1333 So.
830 1302 970 1333 taceas.
1042 1302 1083 1333 tu
1116 1303 1225 1333 tuom
1261 1294 1379 1333 facito
1398 1311 1404 1333 :
1449 1309 1522 1344 ego

1018 1361 1127 1410 quod
1147 1359 1225 1398 dixi
1248 1361 1324 1398 hau
1346 1361 1519 1400 mutabo,

192 1424 258 1461 N1.
290 1423 386 1474 quid
408 1424 520 1463 illaec
541 1424 619 1463 illic
641 1424 679 1462 in
702 1424 868 1463 consilio
888 1426 990 1463 duae
1012 1432 1163 1463 secreto
1183 1426 1438 1464 consultant?

87 1500 173 1537 1155
301 1491 374 1527 PH.
409 1490 504 1540 quid
525 1491 581 1528 ais
603 1498 655 1538 tu,
679 1491 834 1528 homo?
891 1491 957 1529 N1.
990 1490 1086 1540 quid
1108 1504 1171 1529 me
1192 1490 1284 1529 uis?

65 1563 172 1602 1155ss
302 1556 376 1593 PH.
408 1556 530 1605 pudet
550 1555 681 1594 dicere
702 1569 765 1594 me
785 1555 855 1594 tibi
877 1555 1078 1607 quiddam.
1542 1577 1585 1607 40

192 1620 258 1657 N1.
290 1619 387 1670 quid
418 1627 476 1659 est
509 1621 618 1671 quod
649 1622 829 1671 pudeat?
899 1623 973 1660 PH.
1006 1622 1076 1660 sed
1107 1621 1236 1661 amico
1268 1622 1418 1661 homini
1454 1623 1523 1661 tibi

901 1688 1010 1738 quod
1031 1688 1124 1725 uolo
1144 1688 1303 1726 credere
1323 1696 1520 1727 certumst.

190 1749 301 1788 nihili
323 1763 420 1788 sum.
481 1752 546 1789 N1.
579 1750 680 1790 istuc
712 1751 788 1790 iam
816 1752 969 1802 pridem
999 1752 1090 1791 scio.
1151 1753 1220 1790 sed
1250 1752 1317 1802 qui
1350 1752 1524 1791 nihili's?

1272 1818 1312 1856 id
1334 1831 1519 1858 memora.

298 1882 371 1918 PH.
403 1888 530 1919 tactus
551 1894 637 1920 sum
659 1883 916 1921 uehementer
936 1884 1046 1922 uisco
1064 1899 1073 1931 3

189 1958 256 1983 cor
276 1945 436 1984 stimulo
456 1946 611 1985 foditur.
685 1949 750 1985 N1.
783 1949 849 1998 pol
878 1948 947 1986 tibi
974 1951 1098 1988 multo
1120 1950 1284 2000 aequius
1304 1958 1362 1989 est
1382 1963 1521 1989 coxen-

1377 2015 1517 2054 dicem.

82 2078 172 2112 1160
188 2075 257 2113 sed
278 2075 373 2125 quid
394 2075 495 2114 istuc
521 2078 612 2115 est?
658 2076 730 2115 etsi
759 2077 836 2116 iam
867 2091 939 2128 ego
969 2079 1039 2129 ips’
1068 2079 1164 2129 quid
1195 2080 1242 2118 sit
1270 2094 1393 2131 prope
1423 2081 1521 2119 scire
1540 2095 1580 2126 45

1316 2154 1412 2196 puto
1433 2160 1521 2195 meg

234 2252 316 2283 1149
338 2254 401 2275 am.
431 2244 580 2285 <quid³>
607 2244 743 2286 Seyffert
771 2246 860 2284 (cum
888 2247 981 2286 illae)
1121 2258 1203 2287 1150
1227 2250 1285 2280 tibi
1312 2251 1399 2281 dedo
1428 2251 1519 2282 illum

187 2287 387 2317 ueteriorem
420 2288 608 2319 Pn'scicmtts
642 2298 668 2328 1,
698 2299 740 2328 97
771 2294 801 2319 et
830 2292 904 2330 265,
936 2291 1107 2331 utrubique
1149 2293 1354 2325 ueteriorem
1387 2298 1522 2326 testatus

190 2339 267 2379 1151
295 2329 366 2378 (si)
389 2341 480 2370 poss.
512 2331 637 2362 Ritschl
772 2342 853 2372 1152
876 2345 1076 2374 quamquam
1106 2336 1217 2366 odiost
1241 2336 1349 2378 Bergk
1439 2349 1520 2378 1157

185 2383 243 2412 qui
263 2373 415 2405 Gmetus:
434 2375 514 2414 quid
528 2375 593 2406 cod.
701 2376 806 2407 nihile
823 2377 865 2408 sit
882 2378 945 2409 cod.
969 2378 1080 2417 (nihili
1102 2380 1146 2410 sit
1162 2379 1208 2420 B)
1368 2383 1452 2412 1160
1475 2383 1524 2417 vel

186 2417 281 2458 ipsus
369 2419 474 2458 probe
491 2417 568 2458 Leo,
588 2420 641 2450 cui
654 2429 758 2463 prope
771 2425 833 2460 pro
852 2423 982 2462 ‘paene'
1001 2421 1140 2464 displicet
