1727 2702
80 99 154 139 111.
177 98 222 136 vi
586 99 632 135 T.
667 96 848 136 MACCI
881 95 1085 134 PLAVTI

182 210 279 248 Evc.
313 221 393 247 non
414 216 547 259 potem
570 206 643 257 ego
663 205 824 256 quidem
847 206 987 243 hercle.
1048 205 1132 242 ME.
1164 203 1202 242 at
1222 216 1296 254 ego
1316 202 1464 242 iussero
1529 218 1597 256 570

120 289 160 322 35
182 275 325 313 cadum
347 287 469 312 unum
492 271 573 310 uini
595 271 736 310 ueteris
757 284 780 309 a
801 284 863 309 me
883 268 1076 308 adferrier.

184 341 280 378 Evc.
314 340 407 377 nolo
428 339 569 385 hercle,
593 350 684 375 nam
706 336 801 374 mihi
823 336 957 374 bibere
980 336 1183 374 decretum
1204 342 1262 372 est
1281 347 1436 384 aquam.

183 406 266 443 ME.
299 417 372 455 ego
394 412 430 442 te
451 402 570 441 hodie
591 403 754 440 reddam
776 400 995 448 madidum,
1016 399 1047 438 si
1069 399 1172 446 uiuo,
1196 399 1330 450 probe,

181 469 252 508 tibi
273 469 366 519 quoi
387 469 589 507 decretum
617 474 675 505 est
697 466 830 505 bibere
849 478 1004 516 aquam.
1057 466 1154 502 Evc.
1187 463 1268 503 scio
1289 477 1406 514 quam
1428 476 1510 501 rem

1399 536 1486 578 agat
1503 544 1510 566 z

183 608 225 638 ut
247 612 309 638 me
329 599 503 649 deponat
524 596 628 644 uino,
652 609 739 635 eam
760 596 932 634 adfectat
952 594 1069 642 uiam,
1533 606 1597 644 575

119 679 163 712 40
184 671 271 715 post
292 665 368 702 hoc
389 663 497 713 quod
519 662 648 700 habeo
669 669 710 700 ut
731 668 949 699 commutet
969 659 1176 698 coloniam.

183 742 256 780 ego
278 729 317 767 id
338 728 501 774 cauebo,
525 740 617 765 nam
638 725 782 765 alicubi
803 726 1031 776 apstrudam
1053 725 1155 763 soris.

183 807 256 845 ego
277 795 364 832 saxo
385 800 423 832 et
443 805 603 843 operam
624 799 662 830 et
683 791 820 830 uinum
842 790 1054 842 perdiderit
1075 790 1200 828 simul.

185 861 268 898 ΜΕ.
300 872 384 909 eg0,
408 857 481 896 nisi
503 857 598 907 quid
620 870 683 896 me
703 856 774 903 uis,
797 869 844 895 eo
865 857 1050 902 lauatum,
1073 863 1115 893 ut
1135 855 1431 893 sacruficem.—

186 926 283 964 Evc.
316 924 458 974 edepol
479 936 529 960 ne
549 929 601 969 tu,
624 922 723 968 aula,
747 923 891 959 multos
912 920 1092 958 inimicos
1113 920 1235 958 habes
1536 920 1603 964 580

122 1002 162 1033 45
184 997 303 1040 atque
324 989 423 1027 istuc
443 1000 582 1027 aurum
603 988 712 1037 quod
733 986 803 1025 tibi
823 985 1093 1024 concreditum
1115 994 1183 1024 est.

185 1068 291 1093 nunc
312 1055 388 1093 hoc
409 1053 504 1092 mihi
526 1054 667 1092 factust
688 1059 909 1102 optumum,
932 1058 973 1090 ut
994 1052 1060 1090 ted
1080 1052 1265 1098 auferam,

185 1121 284 1167 aula,
308 1119 346 1157 in
369 1118 480 1158 Fidei
501 1120 635 1157 fanum
653 1133 659 1156 :
690 1117 743 1155 ibi
764 1118 992 1167 apstrudam
1013 1116 1146 1167 probe.

188 1185 315 1233 Fides,
339 1184 483 1223 nouisti
505 1183 568 1222 me
588 1190 626 1222 et
647 1197 720 1234 ego
742 1190 802 1221 te:
833 1195 930 1220 caue
950 1182 1001 1220 sis
1022 1181 1092 1220 tibi

187 1265 237 1290 ne
258 1259 298 1290 tu
321 1250 559 1289 immutassis
580 1263 738 1296 nomen,
762 1248 792 1286 si
815 1250 890 1286 hoc
911 1249 1145 1286 concreduo.
1539 1245 1602 1291 585

124 1330 167 1363 50
188 1317 254 1355 ibo
274 1317 325 1354 ad
347 1324 384 1354 te
405 1316 523 1353 fretus
544 1322 620 1361 tua,
647 1314 774 1360 Fides,
797 1312 1008 1352 fiducia.—

680 1514 915 1563 ACTVS
956 1514 1026 1562 IV

72 1618 170 1656 IV.i
578 1618 896 1655 LYCONIDIS
945 1617 1159 1654 SERVVS

191 1705 232 1742 L.
252 1705 288 1742 S.
317 1698 409 1742 Hoc
430 1711 488 1743 est
509 1703 609 1742 serui
627 1703 777 1742 facinus
794 1703 902 1753 frugi,
923 1704 1048 1742 facere
1068 1704 1176 1753 quod
1199 1716 1272 1753 ego
1293 1713 1515 1753 persequor,

189 1782 238 1808 ne
260 1782 391 1808 morae
413 1769 695 1818 molestiaeque
716 1768 923 1818 imperium
944 1769 1035 1807 erile
1056 1769 1199 1807 habeat
1219 1768 1303 1807 sibi.

190 1848 281 1873 nam
303 1834 368 1884 qui
391 1848 457 1873 ero
477 1848 523 1873 ex
544 1833 737 1871 sententia
758 1833 902 1872 seruire
923 1847 1056 1872 seruos
1078 1835 1259 1884 postulat,

191 1900 230 1939 in
251 1913 359 1938 erum
383 1907 543 1946 matura,
566 1899 604 1936 in
626 1912 667 1936 se
688 1912 772 1937 scra
793 1901 985 1938 condecet
1007 1912 1218 1949 capessere.
1539 1902 1606 1939 590

155 1983 171 2013 5
191 1966 250 2004 sin
272 1966 468 2013 dormitet,
491 1965 542 2003 ita
563 1965 747 2004 dormitet
769 1980 925 2004 seruom
947 1980 1031 2005 sese
1053 1975 1093 2004 ut
1114 1966 1268 2016 cogitet.

191 2045 281 2070 nam
303 2031 369 2082 qui
391 2031 537 2070 amanti
559 2045 625 2070 ero
647 2032 873 2071 seruitutem
896 2032 1024 2079 seruit,
1048 2035 1158 2083 quasi
1180 2045 1252 2081 ego
1273 2030 1410 2077 seruio,

191 2097 221 2136 si
242 2111 351 2136 erum
373 2097 480 2135 uidet
497 2111 678 2147 superare
698 2111 884 2145 amorem,
904 2100 979 2136 hoc
1000 2098 1100 2136 serui
1121 2111 1206 2136 esse
1226 2097 1397 2136 officium
1420 2108 1516 2142 reor,

191 2162 355 2201 retinere
375 2163 426 2201 ad
448 2165 625 2210 salutem,
648 2176 728 2201 non
750 2163 854 2202 enim
877 2177 957 2213 quo
979 2163 1179 2202 incumbat
1200 2175 1248 2201 co
1269 2161 1478 2212 impellere.

235 2277 298 2306 570
314 2268 370 2297 vix
387 2268 525 2307 potitem
629 2269 688 2306 581
717 2269 949 2305 congre-ditum
974 2267 1038 2299 cod.
1063 2267 1105 2305 (G
1127 2271 1187 2306 pro
1209 2266 1250 2303 C)
1356 2266 1419 2305 583
1444 2265 1517 2296 aula

190 2308 383 2342 Scultm'us:
415 2312 525 2342 aulam
550 2310 615 2342 cod.
772 2313 833 2350 584
860 2312 908 2342 vel
932 2312 1054 2342 nouisti
1084 2311 1202 2347 ‘nosti)
1231 2310 1305 2340 med
1453 2309 1516 2347 585

193 2353 445 2385 inme-mutassis
461 2354 548 2384 codd.
566 2367 571 2384 z
597 2366 674 2386 corr.
689 2354 860 2385 Asidalius
874 2364 879 2388 t
892 2355 921 2385 iv
947 2360 981 2393 35
1074 2355 1139 2394 589
1163 2353 1212 2384 eri
1230 2352 1318 2384 codd.
1337 2352 1440 2383 Nonii
1454 2361 1517 2392 375

193 2407 251 2442 591
281 2408 317 2427 se
336 2408 411 2428 esse
430 2397 566 2429 illueller
695 2399 801 2437 592-8
825 2398 951 2428 seclwst
965 2398 1049 2429 Bm'x
